@misc{Adamec1966,
	author = {Adamec, Premysl},
	note = {Academia.},
	title = {Porjadok slov v sovremennom russkom jazyke},
	year = {1966}
}


@book{Antonyuk2021,
	address = {Proceedings of FASL 28},
	author = {Antonyuk, Svitlana},
	publisher = {The 2nd Stony Brook Meeting},
	title = {{Russian} {OVS}: {{{E}}}vidence from Quantifier Scope, the that-trace effect Paradigm and the Quantifier Float Test},
	year = {2021}
}


@misc{Bailyn2020,
	author = {Bailyn, John Frederick},
	title = {The Scrambling Paradox, Linguistic Inquiry},
	year = {2020}
}


@misc{Bailyn2004,
	author = {Bailyn, John Frederick},
	note = {Natural Language and Linguistic Theory},
	title = {Generalized Inversion},
	year = {2004}
}


@misc{Bailyn2012,
	author = {Bailyn, John Frederick},
	note = {CUP.},
	title = {The Syntax of {Russian}},
	year = {2012}
}


@book{Bailyn2017,
	address = {Yohei Oseki, Masha Esipova, and Stephanie Harves, eds. Proceedings of FASL 24. Ann Arbor, MI},
	author = {Bailyn, John Frederick},
	publisher = {Michigan Slavic Publications, 27–49},
	title = {{Bulgarian} superiority and minimalist movement theory},
	year = {2017}
}


@article{Bobaljik1999,
	author = {Bobaljik, Jonathan David},
	journal = {Glot International},
	pages = {27–28},
	title = {Adverbs: {{T}}he hierarchy paradox},
	volume = {4},
	year = {1999}
}


@article{́Boskovic1997,
	author = {Bošković, Željko},
	journal = {Lingua},
	pages = {1--20},
	sortname = {Boszkovicz, Zzeljko},
	title = {Superiority effects with multiple wh-fronting in Serbo-{Croatian}},
	volume = {102},
	year = {1997}
}


@article{Boskovic2002,
	author = {Bošković, Željko},
	journal = {Linguistic Inquiry},
	pages = {351--383},
	sortname = {Boszkovicz, Zzeljko},
	title = {On Multiple wh-fronting},
	volume = {34},
	year = {2002}
}


@misc{chomsky2000minimalist,
  title={Minimalist inquiries: the framework: In Step by step: Essays on minimalism in honor of Howard Lasnik.(eds.) Roger Martin, David Michaels, and Juan Uriagereka},
  author={Chomsky, Noam},
  year={2000},
  publisher={Cambridge, MA.: MIT Press}
}

@book{Cinque1999,
	address = {New York},
	author = {Cinque, Guglielmo},
	publisher = {OUP},
	title = {Adverbs and Functional Heads: {{A}} Cross-linguistic Perspective},
	year = {1999}
}


@book{Cinque2002,
	address = {1. New York},
	author = {Cinque, Guglielmo, ed},
	publisher = {OUP},
	title = {Functional structure in {DP} and {IP}: {{T}}he Cartography of Syntactic Structures, vol},
	year = {2002}
}


@book{Cinque2006,
	address = {4. New York},
	author = {Cinque, Guglielmo, ed},
	publisher = {OUP},
	title = {Restructuring and Functional Heads: {{T}}he Cartography of Syntactic Structures, vol},
	year = {2006}
}


@misc{CinqueRizzi2010,
	author = {Cinque, Guglielmo, and Luigi Rizzi},
	note = {Oxford Handbook of linguistic analysis.},
	title = {The cartography of syntactic structures},
	year = {2010}
}


@book{Chomsky2001,
	address = {In Michael Kenstowicz, ed. Ken Hale: A Life in Language, Cambridge, MA},
	author = {Chomsky, Noam},
	publisher = {MIT Press, 1–52},
	title = {Derivation by phase},
	year = {2001}
}


@book{Craenenbroeck2006,
	address = {In Jeroen van de Weijer and Bettelou Los, eds. Linguistics in the Netherlands 2006. Amsterdam: Benjamins},
	author = {Craenenbroeck, Jeroen van},
	publisher = {52–64},
	title = {Transitivity failures in the left periphery and foot-driven movement operations},
	year = {2006}
}


@book{Craenenbroeck2009,
	address = {Berlin},
	author = {Craenenbroeck, Jeroen van, ed},
	publisher = {Mouton},
	title = {Alternatives to Cartography},
	year = {2009}
}


@book{Diesing1992,
	address = {Cambridge, Mass},
	author = {Diesing, Molly},
	publisher = {MIT Press},
	title = {Indefinites},
	year = {1992}
}


@article{Ernst2007,
	author = {Ernst, Thomas},
	journal = {Lingua},
	pages = {1008–1033},
	title = {On the role of semantics in a theory of adverb syntax},
	volume = {117},
	year = {2007}
}


@book{Ernst2014,
	address = {The Routledge handbook of syntax 108},
	author = {Ernst, Thomas},
	publisher = {130},
	title = {The syntax of adverbs},
	year = {2014}
}


@article{Grewendorf2001,
	author = {Grewendorf, Gunter},
	journal = {Linguistic Inquiry},
	pages = {87--122},
	title = {Multiple wh-fronting},
	volume = {32},
	year = {2001}
}


@book{JunghannsZybatow1997,
	address = {In Wayles Browne et al eds. Formal Approaches to Slavic Linguistics 4: The Cornell Meeting, Ann Arbor, MI},
	author = {Junghanns, Uwe and Gerhild Zybatow},
	publisher = {Michigan Slavic Productions, 289-319},
	title = {Syntax and Information Structure of {Russian} clauses},
	year = {1997}
}


@article{Krapova2002,
	author = {Krapova, Iliyana},
	journal = {University of Venice Working Papers in Linguistics, vol},
	pages = {107--128},
	title = {On the Left Periphery of the {Bulgarian} sentence},
	volume = {12},
	year = {2002}
}


@misc{KrapovaCinque2005,
	author = {Krapova, Iliyana, and Guglielmo Cinque},
	note = {Working Papers in Linguistics, University of Venice 15 171-195.},
	title = {On the order of wh- phrases in {Bulgarian} multiple wh-fronting},
	year = {2005}
}


@inproceedings{krapova2008order,
  title={On the order of wh-phrases in Bulgarian multiple wh-fronting},
  author={Krapova, Iliyana and Cinque, Guglielmo},
  booktitle={Zybatow, T. et al.(eds.), Formal Description of Slavic Languages: The Fifth Conference (FDSL5), Leipzig 2003. Frankfurt am Main: Peter Lang, 2008, pp. 318-336.},
  year={2008},
  organization={Frankfurt am Main, Peter Lang}
}

Larson, Richard K. forthcoming. Rethinking cartography. Language.

@article{Mathesius1939,
	author = {Mathesius, Vilém},
	journal = {On the so called functional sentence perspective." Slovo a Slovestnost},
	pages = {171--174},
	sortname = {Mathesius, Vilem},
	volume = {5},
	year = {1939}
}


@book{Nilsen2003,
	address = {Eliminating Positions},
	author = {Nilsen, Øystein},
	note = {Ph. D. dissertation. Utrecht University.},
	publisher = {Syntax and Semantics of Sentence Modification},
	sortname = {Nilsen, Oystein},
	year = {2003}
}


@book{Pereltsvaig2021,
	address = {The OVS order in Russian: Where are the O and the VP? Proceedings of FASL 28},
	author = {Pereltsvaig, Asya},
	publisher = {The 2nd Stony Brook Meeting},
	year = {2021}
}


@article{ramchand2014deriving,
  title={Deriving the functional hierarchy},
  author={Ramchand, Gillian and Svenonius, Peter},
  journal={Language sciences},
  volume={46},
  pages={152--174},
  year={2014},
  publisher={Elsevier}
}

@misc{Richards.Norvin1997,
	author = {Richards. Norvin},
	title = {What Moves Where When in Which Language? {{P}}hD Dissertation, {MIT}, {Cambridge}},
	year = {1997}
}


@book{Rizzi1997,
	address = {In Liliane Haegeman, ed. Elements of Grammar.  Dordrecht: Kluwer},
	author = {Rizzi, Luigi},
	publisher = {281–337},
	title = {The fine structure of the left periphery},
	year = {1997}
}


@book{Rizzi2004,
	address = {In Adriana Belletti, ed., Structures and Beyond: The Cartography of Syntactic Structures, vol. 3. New York: Oxford University Press},
	author = {Rizzi, Luigi},
	publisher = {223–251},
	title = {Locality and left periphery},
	year = {2004a}
}


@book{Rizzi2004,
	address = {2. New York},
	author = {Rizzi, Luigi, ed},
	publisher = {Oxford University Press},
	title = {The Structure of {CP} and {IP}: {{T}}he Cartography of Syntactic Structures, vol},
	year = {2004b}
}


@article{Rudin1988,
	author = {Rudin, Catherine},
	journal = {Natural Language and Linguistic Theory},
	pages = {455--501},
	title = {On multiple questions and multiple wh-fronting},
	volume = {6},
	year = {1988}
}


@article{Shlonsky2010,
	author = {Shlonsky, Ur},
	journal = {Language and Linguistics Compass},
	pages = {417–429},
	title = {The Cartographic enterprise in syntax},
	volume = {4/6},
	year = {2010}
}


@article{Stepanov2007,
	author = {Stepanov, Arthur},
	journal = {Syntax},
	number = {1},
	pages = {80--126},
	title = {The end of {CED}? {{M}}inimalism and extraction domains},
	volume = {10},
	year = {2007}
}

@inproceedings{krapova2008order,
  title={On the order of wh-phrases in Bulgarian multiple wh-fronting},
  author={Krapova, Iliyana and Cinque, Guglielmo},
  booktitle={Zybatow, T. et al.(eds.), Formal Description of Slavic Languages: The Fifth Conference (FDSL5), Leipzig 2003. Frankfurt am Main: Peter Lang, 2008, pp. 318-336.},
  year={2008},
  organization={Frankfurt am Main, Peter Lang}
}

@article{wagner2009focus,
  title={Focus, topic, and word order: A compositional view},
  author={Wagner, Michael},
  journal={Alternatives to cartography},
  volume={53},
  pages={86},
  year={2009},
  publisher={Mouton de Gruyter Berlin}
}