@incollection{AnnamalaiSteever1998,
	address = {London/New York},
	author = {Annamalai, E. and Steever, S. B.},
	booktitle = {The Dravidian Languages},
	editor = {S. B. Steever},
	pages = {100--128},
	publisher = {Routledge},
	title = {Modern {Tamil}},
	year = {1998}
}


@book{steever2019dravidian,
  title={The Dravidian Languages},
  author={Steever, Sanford B},
  year={2019},
  publisher={Routledge}
}

@article{BittnerHale1996,
	author = {Bittner, Maria and Ken Hale},
	journal = {Linguistic inquiry},
	pages = {1--68},
	title = {The structural determination of case and agreement},
	volume = {27},
	year = {1996}
}




@book{bobaljik2012universals,
  title={Universals in comparative morphology: Suppletion, superlatives, and the structure of words},
  author={Bobaljik, Jonathan David},
  year={2012},
  publisher={MIT Press}
}


@misc{BobaljikWurmbrand2005,
	author = {Bobaljik, Jonathan D. and Susi Wurmbrand},
	note = {In},
	title = {Adjacency, {PF}, and extraposition},
	year = {2005}
}


@book{broekhuis2011organizing,
  title={Organizing grammar: Linguistic studies in honor of Henk van Riemsdijk},
  author={Broekhuis, Hans and Corver, Norbert and Huijbregts, Riny and Kleinhenz, Ursula and Koster, Jan},
  volume={86},
  year={2011},
  publisher={Walter de Gruyter}
}



@misc{BobaljikWurmbrand2013,
	author = {Bobaljik, Jonathan and Susi Wurmbrand},
	note = {In Ora},
	title = {Suspension across domains},
	year = {2013}
}


@book{matushansky2013distributed,
  title={Distributed morphology today},
  author={Matushansky, Ora and Marantz, Alec P},
  year={2013},
  publisher={MIT Press}
}

@book{embick2010localism,
  title={Localism versus globalism in morphology and phonology},
  author={Embick, David},
  volume={60},
  year={2010},
  publisher={mit Press}
}

@article{encreve1983liaison,
  title={La liaison sans encha{\^\i}nement},
  author={Encrev{\'e}, Pierre},
  journal={Actes de la recherche en sciences sociales},
  volume={46},
  number={1},
  pages={39--66},
  year={1983},
  publisher={Pers{\'e}e-Portail des revues scientifiques en SHS}
}


@misc{Caha2009,
	author = {Caha, Pavel},
	note = {PhD diss., University of Tromsø.},
	title = {The Nanosyntax of case},
	year = {2009}
}




@misc{Embick1997,
	author = {Embick, David},
	note = {Doctoral dissertation, University of Pennsylvania.},
	title = {Voice and the Interfaces of Syntax},
	year = {1997}
}




@misc{Embick2003,
	author = {Embick, David},
	note = {Studia Linguistica,},
	title = {Locality, listedness, and morphological identity},
	year = {2003}
}


57(3). 143–169.



@misc{Embick2010,
	author = {Embick, David},
	note = {Cambridge:},
	title = {Localism versus globalism in morphology and phonology},
	year = {2010}
}


MIT Press.



@misc{Encrevé1983,
	author = {Encrevé, Pierre},
	note = {Actes de la recherche en sciences},
	title = {{La} liaison sans enchaînement},
	year = {1983}
}


sociales, 46(1). 39-66.



@misc{FaustUlfsbjorninn2018,
	author = {Faust, Noam, Nicola Lampitelli and Shanti Ulfsbjorninn},
	note = {Articles of Italian unite!},
	year = {2018}
}


Italian definite articles without allomorphy. The Canadian Journal of Linguistics/La revue canadienne de linguistique 63(3). 359-385.



Harley, Heidi & Elizabeth Ritter. 2002. Person and number in pronouns: A feature-

geometric analysis. Language 78(3). 482-526.

@misc{Johnson2004,
	author = {Johnson, Kyle},
	note = {Nordlyd 31(1).},
	title = {Towards an etiology of adjunct islands},
	year = {2004}
}




@article{lowenstamm1996cv,
  title={CV as the only syllable type},
  author={Lowenstamm, Jean},
  journal={Current trends in phonology: Models and methods},
  volume={2},
  pages={419--441},
  year={1996},
  publisher={ESRI Salford}
}



@book{Moskal2015,
	address = {Domains on the border},
	author = {Moskal, Beata},
	note = {PhD diss., University of Connecticut Storrs.},
	publisher = {Between morphology and phonology},
	year = {2015}
}




@article{moskal2016towards,
  title={Towards a theory without adjacency: Hyper-contextual VI-rules},
  author={Moskal, Beata and Smith, Peter W},
  journal={Morphology},
  volume={26},
  number={3},
  pages={295--312},
  year={2016},
  publisher={Springer}
}

@article{mcfadden2018aba,
  title={* ABA in stem-allomorphy and the emptiness of the nominative},
  author={McFadden, Thomas},
  journal={Glossa: a journal of general linguistics},
  volume={3},
  number={1},
  year={2018},
  publisher={Ubiquity Press}
}




@misc{Merchant2015,
	author = {Merchant, J.},
	note = {How much context is enough? Two cases of span-conditionned stem},
	year = {2015}
}



@misc{Newell2019,
	author = {Newell, Heather},
	note = {Presented at Segmental Processes in Interaction with Prosodic Structure (SPIPS). University of Tromsø. Sept. 19-20.},
	title = {Functional vs Lexical Structure without the Prosodic Hierarchy},
	year = {2019}
}


@article{newell2018re,
  title={A Re-portage on spanning; Feature Portaging and Non-Terminal Spell-Out},
  author={Newell, Heather and Noonan, Maire},
  journal={McGill Working Papers in Linguistics},
  volume={25},
  number={1},
  year={2018}
}


@article{piggott1992variability,
  title={Variability in feature dependency: the case of nasality},
  author={Piggott, Glyne L},
  journal={Natural Language \& Linguistic Theory},
  volume={10},
  number={1},
  pages={33--77},
  year={1992},
  publisher={Springer}
}

@article{newell2019functional,
  title={Functional vs lexical structure without the Prosodic Hierarchy},
  author={Newell, Heather},
  journal={Invited talk. Segmental Processes in Interaction with Prosodic Structure (SPIPS). Troms{\o}},
  year={2019}
}




@book{schiffman1999reference,
  title={A reference grammar of spoken Tamil},
  author={Schiffman, Harold F and Harold, F},
  year={1999},
  publisher={Cambridge University Press}
}


@incollection{Selkirk1996,
	author = {Selkirk, Elizabeth},
	year = {1996}, 
	title = {The prosodic structure of function words},
	editor = {Morgan, J. L. and K. Demuth},
	booktitle = {Signal to syntax: Bootstrapping from speech to grammar in early acquisition},
	note = {2014},
	address = {New York/London},
	publisher = {Psychology Press},
	pages = {187--214}
}


@book{scheer2004lateral,
  title={A lateral theory of phonology: What is CVCV, and why should it be?},
  author={Scheer, Tobias},
  year={2004},
  publisher={Walter de Gruyter}
}

@article{scheer2009external,
  title={External sandhi: what the initial CV is initial of},
  author={Scheer, Tobias},
  journal={Studi e Saggi Linguistici},
  pages={43--82},
  year={2009}
}


@article{svenonius2016spans,
  title={Spans and words},
  author={Svenonius, Peter},
  journal={Morphological metatheory},
  volume={229},
  pages={201},
  year={2016},
  publisher={John Benjamins Amsterdam, the Netherlands}
}

@book{K.2014,
	address = {187-214. New York/London},
	booktitle = {Signal to syntax: {{B}}ootstrapping from speech to grammar in early acquisition},
	editor = {K. Demuth},
	publisher = {Psychology Press},
	title = {Signal to syntax: {{B}}ootstrapping from speech to grammar in early acquisition},
	year = {2014}
}




@article{SmithBobaljik2019,
	author = {Peter W. Smith and Beata Moskal and Ting Xu and Jungmin Kang and Jonathan D. Bobaljik},
	journal = {Natural Language \& Linguistic Theory},
	number = {3},
	pages = {1029--1101},
	title = {Case and number suppletion in pronouns},
	volume = {37},
	year = {2019}
}




@misc{Subrahmanyam1967,
	author = {Subrahmanyam, P. S.},
	title = {Bulletin of the Deccan College Post-Graduate and Research Institute},
	year = {1967/1968},
	volume = {28},
	number = {3/4},
	pages = {202--217}
}



@article{Wurmbrand2007,
	author = {Wurmbrand, Susi},
	journal = {Syntax},
	pages = {243--288},
	title = {How complex are complex predicates},
	volume = {10},
	year = {2007}
}
