@inproceedings{arregi2018switch,
  title={Switch reference in Washo as multiple subject agreement},
  author={Arregi, Karlos and Hanink, Emily},
  booktitle={Proceedings of NELS},
  volume={48},
  pages={39--48},
  year={2018}
}

@article{arregi2019switch,
  title={Switch reference as index agreement},
  author={Arregi, Karlos and Hanink, Emily},
  journal={Ms. The University of Chicago},
  year={2019}
}

@book{arregi2012morphotactics,
  title={Morphotactics: Basque auxiliaries and the structure of spellout},
  author={Arregi, Karlos and Nevins, Andrew},
  volume={86},
  year={2012},
  publisher={Springer Science \& Business Media}
}

@article{baker2014dependent,
  title={On dependent ergative case (in Shipibo) and its derivation by phase},
  author={Baker, Mark C},
  journal={Linguistic Inquiry},
  volume={45},
  number={3},
  pages={341--379},
  year={2014},
  publisher={Massachusetts: MIT Press}
}

@book{baker2015case,
  title={Case: Its principles and its parameters},
  author={Baker, Mark},
  number={146},
  year={2015},
  publisher={Cambridge: Cambridge University Press}
}

@article{baker2020agree,
  title={Agree without agreement: Switch-reference and reflexive voice in two Panoan languages},
  author={Baker, Mark and Souza, Livia Camargo},
  journal={Natural Language \& Linguistic Theory},
  pages={1--62},
  year={2020},
}

@book{broadwell2006choctaw,
  title={A Choctaw reference grammar},
  author={Broadwell, George Aaron},
  year={2006},
  publisher={U of Nebraska Press}
}

@book{burzio1986italian,
  title={Italian syntax: A government-binding approach},
  author={Burzio, Luigi},
  volume={1},
  year={1986},
  publisher={Springer Science \& Business Media}
}

@phdthesis{camargosouza2020switch,
  title={Switch-reference as anaphora: a modular account},
  author={Camargo Souza, Livia},
  year={2020},
  school={School of Graduate Studies Rutgers, The State University of New Jersey}
}

@article{chomsky2000minimalist,
  title={Minimalist inquiries: The framework (MITOPL 15)},
  author={Chomsky, Noam},
  journal={Step by step: Essays on minimalist syntax in honor of Howard Lasnik},
  pages={89--155},
  year={2000},
  publisher={MIT press}
}

@misc{chomsky2001derivation,
  title={Derivation by phase. Ken Hale: A life in language, ed. by Michael Kenstowicz, 1-52},
  author={Chomsky, Noam},
  year={2001},
  publisher={Cambridge: MIT Press}
}

@phdthesis{finer1984formal,
  title={The formal grammar of switch-reference},
  author={Finer, Daniel Leroy},
  year={1984},
  school={Amherst: University of Massachusetts}
}

@article{finer1985syntax,
  title={The syntax of switch-reference},
  author={Finer, Daniel L},
  journal={Linguistic Inquiry},
  pages={35--55},
  year={1985},
}

@misc{marantz1991,
  title={Case and licensing},
  author={Marantz, Alec},
  journal={\textnormal{Paper presented at} The 8th Eastern States Conference on Linguistics},
  year={1991},
  publisher={Baltimore: University of Maryland}
}

@article{mckenzie2015survey,
  title={A survey of switch-reference in North America},
  author={McKenzie, Andrew},
  journal={International Journal of American Linguistics},
  volume={81},
  number={3},
  pages={409--448},
  year={2015},
  publisher={Chicago: University of Chicago Press}
}

@book{rizzi1982issues,
  title={Issues in Italian syntax},
  author={Rizzi, Luigi},
  volume={11},
  year={1982},
  publisher={Walter de Gruyter}
}

@incollection{rizzi1997fine,
  title={The fine structure of the left periphery},
  author={Rizzi, Luigi},
  booktitle={Elements of grammar},
  pages={281--337},
  year={1997},
  publisher={Dordrecht: Kluwer}
}

@BOOK{valenzuela2003transitivity,
  title={Transitivity in shipibo-konibo grammar},
  author={Valenzuela, Pilar M},
  year={2003},
  publisher={University of Oregon}
}

@BOOK{wurmbrand2001infinitives,
  title={Infinitives: Restructuring and clause structure},
  doi={10.1515/9783110908329.137},
  author={Wurmbrand, Susanne},
  year={2001},
  publisher={de Gruyter}
}

@article{wurmbrand2017features,
  title={The features of the voice domain: actives, passives, and restructuring},
  author={Wurmbrand, Susi and Shimamura, Koji},
  journal={The verbal domain},
  pages={179--204},
  year={2017},
  publisher={Oxford: University Press Oxford}
}

@phdthesis{zariquieybiondi2011,
  title={A grammar of Kashibo-Kakataibo},
  author={Zariquiety Biondi, Roberto},
  year={2011},
  publisher={Melbourne: La Trobe University dissertation}
}


