%% This BibTeX bibliography file was created using BibDesk.
%% http://bibdesk.sourceforge.net/


%% Created for Uli Sauerland at 2020-06-19 20:19:47 +0200 


%% Saved with string encoding Unicode (UTF-8) 


@book{heim98,
	address = {Oxford, UK},
	author = {Heim, Irene and Kratzer, Angelika},
	publisher = {Blackwell},
	title = {Semantics in Generative Grammar},
	year = 1998}


@article{miyagawa16a,
	author = {Miyagawa, Shigeru and Nishioka, Nobuaki and Zeijlstra, Hedde},
	journal = {Glossa},
	number = 33,
	doi = {10.5334/gjgl.6},
	title = {Negative sensitive items and the discourse-configurational nature of {J}apanese},
	volume = {1},
	year = {2016}}


@article{sauerland20b,
	author = {Sauerland, Uli and Alexiadou, Artemis},
	doi = {10.3389/fpsyg.2020.571295},
	journal = {Frontiers in Psychology},
	pages = {3104},
	title = {Generative Grammar: A Meaning First Approach},
	volume = {11},
	year = {2020}}


@inproceedings{homer08h,
	author = {Homer, Vincent},
	booktitle = {Semantics and Linguistic Theory},
	pages = {429--446},
	title = {Disruption of {NPI} licensing: The case of presuppositions},
	volume = {18},
	year = {2008},
	doi = {10.3765/salt.v18i0.2483}}

@incollection{hoeksema05m,
	address = {Groningen, Netherlands},
	author = {Hoeksema, Jack},
	booktitle = {Rejected papers: Feestbundel voor {Ron van Zonnevel}},
	editor = {Gilbers, Dicky and Hendriks, Petra},
	pages = {72-85},
	publisher = {University of Groningen},
	title = {\emph{In days, weeks, months, years, ages}: a class of temporal negative polarity items},
	year = {2005}}


@incollection{zwarts98a,
	author = {Zwarts, Frans},
	booktitle = {Plurality and Quantfication},
	editor = {Hamm, Fritz and Hinrichs, Erhard W.},
	pages = {177--238},
	publisher = {Kluwer},
	title = {Three types of polarity},
	doi = {10.1007/978-94-017-2706-8_5},
	year = {1998}}


@article{fintel07a,
	author = {Fintel, Kai von and Iatridou, Sabine},
	doi = {10.1162/ling.2007.38.3.445},
	journal = {Linguistic Inquiry},
	pages = {445--483},
	title = {Anatomy of a modal construction},
	volume = {38},
	year = {2007}}


@article{sells01a,
	author = {Sells, Peter},
	journal = {Harvard studies in {K}orean linguistics},
	pages = {3--22},
	title = {Negative polarity licensing and interpretation},
	volume = {9},
	year = {2001}}

@article{von-fintel99a,
	Author = {von Fintel, Kai},
	Doi = {10.1093/jos/16.2.97},
	Journal = {Journal of Semantics},
	Pages = {97-148},
	Title = {{NPI} licensing, {S}trawson entailment, and context dependency},
	Volume = {16},
	Year = {1999}}

@incollection{sauerland05f,
	Address = {Nijmegen},
	Author = {Sauerland, Uli},
	Booktitle = {Proceedings of SuB9},
	Date-Added = {2020-06-19 19:28:59 +0200},
	Date-Modified = {2020-06-19 19:40:10 +0200},
	Doi = {10.18148/sub/2005.v9i0.775},
	Editor = {Maier, Emar and Bary, Corien and Huitink, Janneke},
	Pages = {370-384},
	Publisher = {Radboud University Nijmegen},
	Title = {Don't Interpret Focus! Why a presuppositional account of focus fails and how a presuppositional account of givenness works},
	Year = 2005}

@incollection{sauerland08c,
	Address = {Berlin, Germany},
	Author = {Sauerland, Uli},
	Booktitle = {The Discourse Potential of Underspecified Structures},
	Date-Added = {2020-06-19 19:27:45 +0200},
	Date-Modified = {2020-06-19 19:27:45 +0200},
	Doi = {10.1515/9783110209303.4.581},
	Editor = {Steube, Anita},
	Pages = {581--600},
	Publisher = {Mouton de Gruyter},
	Title = {Implicated presuppositions},
	Year = {2008}}

@article{harbour14a,
	Author = {Harbour, Daniel},
	Date-Added = {2020-06-19 19:27:33 +0200},
	Date-Modified = {2020-06-19 19:42:16 +0200},
	Doi = {10.1353/lan.2014.0003},
	Journal = {Language},
	Pages = {185-229},
	Publisher = {Linguistic Society of America},
	Title = {Paucity, abundance, and the theory of number},
	Volume = {90},
	Year = {2014}}

@article{nicolae15b,
	Author = {Nicolae, Andreea C.},
	Date-Added = {2020-06-19 18:12:08 +0200},
	Date-Modified = {2020-06-19 18:12:08 +0200},
	Doi = {10.1007/s11050-014-9110-8},
	Journal = {Natural Language Semantics},
	Pages = {21-76},
	Title = {Questions with {NPI}s},
	Volume = {23},
	Year = {2015}}

@article{wurmbrand08b,
	Author = {Wurmbrand, Susi},
	Doi = {10.1162/ling.2008.39.3.511},
	Journal = {Linguistic Inquiry},
	Pages = {511--522},
	Publisher = {MIT Press},
	Title = {\emph{Nor\/}: neither disjunction nor paradox},
	Volume = {39},
	Year = {2008}}

@article{wurmbrand06a,
	Author = {Wurmbrand, Susi},
	Date-Added = {2020-06-18 22:48:06 +0200},
	Date-Modified = {2020-06-19 09:32:26 +0200},
	Doi = {10.1017/S1470542706000079},
	Journal = {Journal of Germanic Linguistics},
	Pages = {175--236},
	Title = {Licensing case},
	Volume = {18},
	Year = {2006}}

@incollection{uribe95a,
	Author = {Uribe-Etxebarria, Myriam},
	Booktitle = {Proceedings of {SALT} 5},
	Date-Added = {2020-06-18 22:36:49 +0200},
	Date-Modified = {2020-06-19 09:46:06 +0200},
	Doi = {10.3765/salt.v5i0.2697},
	Pages = {346--361},
	Publisher = {Linguistic Society of America},
	Title = {Negative polarity item licensing, indefinites and complex predicates},
	Year = {1995}}

@incollection{sauerland18a,
	Author = {Sauerland, Uli},
	Booktitle = {Proceedings of {SALT} 28},
	Date-Added = {2020-06-18 22:31:41 +0200},
	Date-Modified = {2020-06-19 09:13:29 +0200},
	Doi = {10.3765/salt.v28i0.4414},
	Pages = {289-306},
	Publisher = {Linguistic Society of America},
	Title = {The thought uniqueness hypothesis},
	Year = {2018}}

@book{wurmbrand01b,
	Address = {Berlin},
	Author = {Wurmbrand, Susanne},
	Date-Added = {2020-06-18 20:59:58 +0200},
	Date-Modified = {2020-06-19 09:17:00 +0200},
	Doi = {10.1515/9783110908329},
	Publisher = {Mouton de Gruyter},
	Title = {Infinitives: Restructuring and Clause Structure},
	Year = {2001}}

@incollection{fox07b,
	Author = {Fox, Danny},
	Crossref = {sauerland07ed},
	Date-Added = {2020-06-15 14:52:59 +0200},
	Date-Modified = {2020-06-15 14:52:59 +0200},
	Keywords = {@class_pragmatics},
	Pages = {71-120},
	Title = {Free choice and the theory of scalar implicatures}}

@article{crnic14a,
	Author = {Crni{\v{c}}, Luka},
	Date-Added = {2020-06-15 14:51:53 +0200},
	Date-Modified = {2020-06-19 08:39:04 +0200},
	Doi = {10.1007/s11050-014-9104-6},
	Journal = {Natural Language Semantics},
	Pages = {1-49},
	Publisher = {Springer},
	Title = {Non-monotonicity in {NPI} licensing},
	Volume = {22},
	Year = {2014},
	Bdsk-File-1 = {YnBsaXN0MDDSAQIDBFxyZWxhdGl2ZVBhdGhZYWxpYXNEYXRhXxAwLi4vLi4vLi4vLi4vQ2xpcHBpbmdzL0F1dGhvcnMvQ3JuaWMvY3JuaWMxNGEucGRmTxEBQgAAAAABQgACAAAERGF0YQAAAAAAAAAAAAAAAAAAAAAAAAAAAAAAAAAAAEJEAAH/////DGNybmljMTRhLnBkZgAAAAAAAAAAAAAAAAAAAAAAAAAAAAAAAAAAAAAAAAAAAAAAAAAAAAAAAAAAAAAAAAAAAP////8AAAAAAAAAAAAAAAAABAAEAAAKIGN1AAAAAAAAAAAAAAAAAAVDcm5pYwAAAgAwLzpVc2Vyczp1czE6Q2xpcHBpbmdzOkF1dGhvcnM6Q3JuaWM6Y3JuaWMxNGEucGRmAA4AGgAMAGMAcgBuAGkAYwAxADQAYQAuAHAAZABmAA8ACgAEAEQAYQB0AGEAEgAuVXNlcnMvdXMxL0NsaXBwaW5ncy9BdXRob3JzL0NybmljL2NybmljMTRhLnBkZgATAAEvAAAVAAIACv//AAAACAANABoAJABXAAAAAAAAAgEAAAAAAAAABQAAAAAAAAAAAAAAAAAAAZ0=}}

@book{chierchia13a,
	Address = {Oxford, UK},
	Author = {Chierchia, Gennaro},
	Booktitle = {Logic in Grammar: Polarity, Free Choice, and Intervention},
	Date-Added = {2020-06-15 14:47:57 +0200},
	Date-Modified = {2020-06-19 08:37:27 +0200},
	Doi = {10.1093/acprof:oso/9780199697977.001.0001},
	Publisher = {Oxford University Press},
	Title = {Logic in Grammar: Polarity, Free Choice, and Intervention},
	Year = {2013},
	Bdsk-File-1 = {YnBsaXN0MDDSAQIDBFxyZWxhdGl2ZVBhdGhZYWxpYXNEYXRhXxA4Li4vLi4vLi4vLi4vQ2xpcHBpbmdzL0F1dGhvcnMvQ2hpZXJjaGlhL2NoaWVyY2hpYTEzYS5wZGZPEQFeAAAAAAFeAAIAAAREYXRhAAAAAAAAAAAAAAAAAAAAAAAAAAAAAAAAAAAAQkQAAf////8QY2hpZXJjaGlhMTNhLnBkZgAAAAAAAAAAAAAAAAAAAAAAAAAAAAAAAAAAAAAAAAAAAAAAAAAAAAAAAAAAAAAA/////wAAAAAAAAAAAAAAAAAEAAQAAAogY3UAAAAAAAAAAAAAAAAACUNoaWVyY2hpYQAAAgA4LzpVc2Vyczp1czE6Q2xpcHBpbmdzOkF1dGhvcnM6Q2hpZXJjaGlhOmNoaWVyY2hpYTEzYS5wZGYADgAiABAAYwBoAGkAZQByAGMAaABpAGEAMQAzAGEALgBwAGQAZgAPAAoABABEAGEAdABhABIANlVzZXJzL3VzMS9DbGlwcGluZ3MvQXV0aG9ycy9DaGllcmNoaWEvY2hpZXJjaGlhMTNhLnBkZgATAAEvAAAVAAIACv//AAAACAANABoAJABfAAAAAAAAAgEAAAAAAAAABQAAAAAAAAAAAAAAAAAAAcE=},
	Bdsk-File-2 = {YnBsaXN0MDDSAQIDBFxyZWxhdGl2ZVBhdGhZYWxpYXNEYXRhXxA5Li4vLi4vLi4vLi4vQ2xpcHBpbmdzL0F1dGhvcnMvQ2hpZXJjaGlhL2NoaWVyY2hpYTEzYWEucGRmTxEBZAAAAAABZAACAAAERGF0YQAAAAAAAAAAAAAAAAAAAAAAAAAAAAAAAAAAAEJEAAH/////EWNoaWVyY2hpYTEzYWEucGRmAAAAAAAAAAAAAAAAAAAAAAAAAAAAAAAAAAAAAAAAAAAAAAAAAAAAAAAAAAAAAP////8AAAAAAAAAAAAAAAAABAAEAAAKIGN1AAAAAAAAAAAAAAAAAAlDaGllcmNoaWEAAAIAOS86VXNlcnM6dXMxOkNsaXBwaW5nczpBdXRob3JzOkNoaWVyY2hpYTpjaGllcmNoaWExM2FhLnBkZgAADgAkABEAYwBoAGkAZQByAGMAaABpAGEAMQAzAGEAYQAuAHAAZABmAA8ACgAEAEQAYQB0AGEAEgA3VXNlcnMvdXMxL0NsaXBwaW5ncy9BdXRob3JzL0NoaWVyY2hpYS9jaGllcmNoaWExM2FhLnBkZgAAEwABLwAAFQACAAr//wAAAAgADQAaACQAYAAAAAAAAAIBAAAAAAAAAAUAAAAAAAAAAAAAAAAAAAHI}}

@article{gotzner19a,
	Author = {Gotzner, Nicole},
	Date-Added = {2020-06-15 14:47:39 +0200},
	Date-Modified = {2020-06-19 08:44:57 +0200},
	Doi = {10.1007/s11050-019-09154-7},
	Journal = {Natural Language Semantics},
	Pages = {189-226},
	Title = {The role of focus intonation in implicature computation},
	Volume = {27},
	Year = {2019}}

@book{birkhoff40a,
	Address = {Providence, R.I.},
	Author = {Birkhoff, Garrett},
	Booktitle = {Lattice Theory},
	Date-Added = {2020-06-13 11:59:07 +0200},
	Date-Modified = {2020-06-19 09:44:38 +0200},
	Number = {25},
	Publisher = {American Mathematical Society},
	Series = {Colloquium Publications},
	Title = {Lattice Theory},
	Year = {1940}}

@inproceedings{yoshimura06a,
	Author = {Yoshimura, Keiko},
	Booktitle = {Proceedings of the thirty-fourth {W}estern Conference On Linguistics},
	Pages = {499--512},
		Editor = {Bainbridge, Erin and Agbayani, Brian},
	Title = {The semantics of focus particle \emph{shika} 'only' in {J}apanese},
	Year = {2006}
}

@article{gajewski11a,
	Author = {Gajewski, Jon},
	Date-Added = {2020-06-10 21:31:28 +0200},
	Date-Modified = {2020-06-19 08:43:17 +0200},
	Doi = {10.1007/s11050-010-9067-1},
	Journal = {Natural Language Semantics},
	Pages = {109-148},
	Title = {Licensing strong {NPI}s},
	Volume = {19},
	Year = {2011},
	Bdsk-File-1 = {YnBsaXN0MDDSAQIDBFxyZWxhdGl2ZVBhdGhZYWxpYXNEYXRhXxA2Li4vLi4vLi4vLi4vQ2xpcHBpbmdzL0F1dGhvcnMvR2FqZXdza2kvZ2FqZXdza2kxMWEucGRmTxEBVgAAAAABVgACAAAERGF0YQAAAAAAAAAAAAAAAAAAAAAAAAAAAAAAAAAAAEJEAAH/////D2dhamV3c2tpMTFhLnBkZgAAAAAAAAAAAAAAAAAAAAAAAAAAAAAAAAAAAAAAAAAAAAAAAAAAAAAAAAAAAAAAAP////8AAAAAAAAAAAAAAAAABAAEAAAKIGN1AAAAAAAAAAAAAAAAAAhHYWpld3NraQACADYvOlVzZXJzOnVzMTpDbGlwcGluZ3M6QXV0aG9yczpHYWpld3NraTpnYWpld3NraTExYS5wZGYADgAgAA8AZwBhAGoAZQB3AHMAawBpADEAMQBhAC4AcABkAGYADwAKAAQARABhAHQAYQASADRVc2Vycy91czEvQ2xpcHBpbmdzL0F1dGhvcnMvR2FqZXdza2kvZ2FqZXdza2kxMWEucGRmABMAAS8AABUAAgAK//8AAAAIAA0AGgAkAF0AAAAAAAACAQAAAAAAAAAFAAAAAAAAAAAAAAAAAAABtw==}}

@phdthesis{hasegawa11a,
	Address = {Buffalo, N.Y.},
	Author = {Hasegawa, Akio},
	Date-Added = {2020-06-08 16:13:27 +0200},
	Date-Modified = {2020-06-19 08:46:09 +0200},
	School = {State University of New York},
	Title = {The semantics and pragmatics of {J}apanese focus particles},
	Year = {2010},
	Bdsk-File-1 = {YnBsaXN0MDDSAQIDBFxyZWxhdGl2ZVBhdGhZYWxpYXNEYXRhXxCNLi4vLi4vLi4vLi4vTGlicmFyeS9Nb2JpbGUgRG9jdW1lbnRzL2NvbX5hcHBsZX5DbG91ZERvY3MvQmliRGVza0RvY3MvaGFzZWdhd2ExMWF0aGUgc2VtYW50aWNzIGFuZCBwcmFnbWF0aWNzIG9mIGphcGFuZXNlIGZvY3VzIHBhcnRpY2xlc2EucGRmTxECfAAAAAACfAACAAAERGF0YQAAAAAAAAAAAAAAAAAAAAAAAAAAAAAAAAAAAEJEAAH/////H2hhc2VnYXdhMTFhdGhlIHNlbSNGRkZGRkZGRi5wZGYAAAAAAAAAAAAAAAAAAAAAAAAAAAAAAAAAAAAAAAAAAP////8AAAAAAAAAAAAAAAAABAAFAAAKIGN1AAAAAAAAAAAAAAAAAAtCaWJEZXNrRG9jcwAAAgCNLzpVc2Vyczp1czE6TGlicmFyeTpNb2JpbGUgRG9jdW1lbnRzOmNvbX5hcHBsZX5DbG91ZERvY3M6QmliRGVza0RvY3M6aGFzZWdhd2ExMWF0aGUgc2VtYW50aWNzIGFuZCBwcmFnbWF0aWNzIG9mIGphcGFuZXNlIGZvY3VzIHBhcnRpY2xlc2EucGRmAAAOAJIASABoAGEAcwBlAGcAYQB3AGEAMQAxAGEAdABoAGUAIABzAGUAbQBhAG4AdABpAGMAcwAgAGEAbgBkACAAcAByAGEAZwBtAGEAdABpAGMAcwAgAG8AZgAgAGoAYQBwAGEAbgBlAHMAZQAgAGYAbwBjAHUAcwAgAHAAYQByAHQAaQBjAGwAZQBzAGEALgBwAGQAZgAPAAoABABEAGEAdABhABIAi1VzZXJzL3VzMS9MaWJyYXJ5L01vYmlsZSBEb2N1bWVudHMvY29tfmFwcGxlfkNsb3VkRG9jcy9CaWJEZXNrRG9jcy9oYXNlZ2F3YTExYXRoZSBzZW1hbnRpY3MgYW5kIHByYWdtYXRpY3Mgb2YgamFwYW5lc2UgZm9jdXMgcGFydGljbGVzYS5wZGYAABMAAS8AABUAAgAK//8AAAAIAA0AGgAkALQAAAAAAAACAQAAAAAAAAAFAAAAAAAAAAAAAAAAAAADNA==}}

@inproceedings{kawamori01a,
	Author = {Kawamori, Masahito and Ikeya, Akira},
	Booktitle = {Proceedings of the 15th {Pacific Asia} Conference on Language, Information and Computation},
	Date-Added = {2020-05-31 06:25:22 +0200},
	Date-Modified = {2020-06-19 18:42:44 +0200},
	Pages = {85--96},
	Publisher = {Chinese and Oriental Languages Information Processing Society},
	Title = {Japanese negative polarity items and negative concord},
	Url = {http://hdl.handle.net/2065/12103},
	Year = {2001},
	Bdsk-File-1 = {YnBsaXN0MDDSAQIDBFxyZWxhdGl2ZVBhdGhZYWxpYXNEYXRhXxCKLi4vLi4vLi4vLi4vTGlicmFyeS9Nb2JpbGUgRG9jdW1lbnRzL2NvbX5hcHBsZX5DbG91ZERvY3MvQmliRGVza0RvY3Mva2F3YW1vcmkwMWFqYXBhbmVzZSBuZWdhdGl2ZSBwb2xhcml0eSBpdGVtcyBhbmQgbmVnYXRpdmUgY29uY29yZGEucGRmTxECbgAAAAACbgACAAAERGF0YQAAAAAAAAAAAAAAAAAAAAAAAAAAAAAAAAAAAEJEAAH/////H2thd2Ftb3JpMDFhamFwYW5lcyNGRkZGRkZGRi5wZGYAAAAAAAAAAAAAAAAAAAAAAAAAAAAAAAAAAAAAAAAAAP////8AAAAAAAAAAAAAAAAABAAFAAAKIGN1AAAAAAAAAAAAAAAAAAtCaWJEZXNrRG9jcwAAAgCKLzpVc2Vyczp1czE6TGlicmFyeTpNb2JpbGUgRG9jdW1lbnRzOmNvbX5hcHBsZX5DbG91ZERvY3M6QmliRGVza0RvY3M6a2F3YW1vcmkwMWFqYXBhbmVzZSBuZWdhdGl2ZSBwb2xhcml0eSBpdGVtcyBhbmQgbmVnYXRpdmUgY29uY29yZGEucGRmAA4AjABFAGsAYQB3AGEAbQBvAHIAaQAwADEAYQBqAGEAcABhAG4AZQBzAGUAIABuAGUAZwBhAHQAaQB2AGUAIABwAG8AbABhAHIAaQB0AHkAIABpAHQAZQBtAHMAIABhAG4AZAAgAG4AZQBnAGEAdABpAHYAZQAgAGMAbwBuAGMAbwByAGQAYQAuAHAAZABmAA8ACgAEAEQAYQB0AGEAEgCIVXNlcnMvdXMxL0xpYnJhcnkvTW9iaWxlIERvY3VtZW50cy9jb21+YXBwbGV+Q2xvdWREb2NzL0JpYkRlc2tEb2NzL2thd2Ftb3JpMDFhamFwYW5lc2UgbmVnYXRpdmUgcG9sYXJpdHkgaXRlbXMgYW5kIG5lZ2F0aXZlIGNvbmNvcmRhLnBkZgATAAEvAAAVAAIACv//AAAACAANABoAJACxAAAAAAAAAgEAAAAAAAAABQAAAAAAAAAAAAAAAAAAAyM=}}

@inproceedings{gajewski04a,
	Author = {Gajewski, Jon},
	Booktitle = {Proceedings of the 23rd West Coast conference on formal linguistics},
	Date-Added = {2020-05-31 06:14:40 +0200},
	Date-Modified = {2020-05-31 06:14:40 +0200},
	Pages = {209--222},
	Title = {Raising exceptions},
	Year = {2004}}

@article{gajewski08b,
	Author = {Gajewski, Jon},
	Date-Added = {2020-05-31 06:14:34 +0200},
	Date-Modified = {2020-06-19 08:42:00 +0200},
	Doi = {10.1007/s11050-007-9025-8},
	Journal = {Natural Language Semantics},
	Pages = {69-110},
	Title = {{NPI} \emph{any} and connected exceptive phrases},
	Volume = {16},
	Year = {2008},
	Bdsk-File-1 = {YnBsaXN0MDDSAQIDBFxyZWxhdGl2ZVBhdGhZYWxpYXNEYXRhXxA2Li4vLi4vLi4vLi4vQ2xpcHBpbmdzL0F1dGhvcnMvR2FqZXdza2kvZ2FqZXdza2kwOGIucGRmTxEBVgAAAAABVgACAAAERGF0YQAAAAAAAAAAAAAAAAAAAAAAAAAAAAAAAAAAAEJEAAH/////D2dhamV3c2tpMDhiLnBkZgAAAAAAAAAAAAAAAAAAAAAAAAAAAAAAAAAAAAAAAAAAAAAAAAAAAAAAAAAAAAAAAP////8AAAAAAAAAAAAAAAAABAAEAAAKIGN1AAAAAAAAAAAAAAAAAAhHYWpld3NraQACADYvOlVzZXJzOnVzMTpDbGlwcGluZ3M6QXV0aG9yczpHYWpld3NraTpnYWpld3NraTA4Yi5wZGYADgAgAA8AZwBhAGoAZQB3AHMAawBpADAAOABiAC4AcABkAGYADwAKAAQARABhAHQAYQASADRVc2Vycy91czEvQ2xpcHBpbmdzL0F1dGhvcnMvR2FqZXdza2kvZ2FqZXdza2kwOGIucGRmABMAAS8AABUAAgAK//8AAAAIAA0AGgAkAF0AAAAAAAACAQAAAAAAAAAFAAAAAAAAAAAAAAAAAAABtw==}}

@article{fintel93,
	Author = {von Fintel, Kai},
	Date-Added = {2020-05-31 06:14:03 +0200},
	Date-Modified = {2020-06-19 09:30:57 +0200},
	Doi = {10.1007/BF00372560},
	Journal = {Natural Language Semantics},
	Pages = {123-148},
	Title = {Exceptive constructions},
	Volume = 1,
	Year = 1993,
	Bdsk-File-1 = {YnBsaXN0MDDSAQIDBFxyZWxhdGl2ZVBhdGhZYWxpYXNEYXRhXxAxLi4vLi4vLi4vLi4vQ2xpcHBpbmdzL0F1dGhvcnMvRmludGVsL2ZpbnRlbDkzLnBkZk8RAUYAAAAAAUYAAgAABERhdGEAAAAAAAAAAAAAAAAAAAAAAAAAAAAAAAAAAABCRAAB/////wxmaW50ZWw5My5wZGYAAAAAAAAAAAAAAAAAAAAAAAAAAAAAAAAAAAAAAAAAAAAAAAAAAAAAAAAAAAAAAAAAAAD/////AAAAAAAAAAAAAAAAAAQABAAACiBjdQAAAAAAAAAAAAAAAAAGRmludGVsAAIAMS86VXNlcnM6dXMxOkNsaXBwaW5nczpBdXRob3JzOkZpbnRlbDpmaW50ZWw5My5wZGYAAA4AGgAMAGYAaQBuAHQAZQBsADkAMwAuAHAAZABmAA8ACgAEAEQAYQB0AGEAEgAvVXNlcnMvdXMxL0NsaXBwaW5ncy9BdXRob3JzL0ZpbnRlbC9maW50ZWw5My5wZGYAABMAAS8AABUAAgAK//8AAAAIAA0AGgAkAFgAAAAAAAACAQAAAAAAAAAFAAAAAAAAAAAAAAAAAAABog==}}

@article{hirsch16b,
	Author = {Hirsch, Aron},
	Date-Added = {2020-05-31 06:13:48 +0200},
	Date-Modified = {2020-06-19 08:55:23 +0200},
	Journal = {University of Pennsylvania Working Papers in Linguistics},
	Pages = {Article 16},
	Title = {An unexceptional semantics for expressions of exception},
	Url = {http://repository.upenn.edu/pwpl/vol22/iss1/16},
	Volume = {22},
	Year = {2016},
	Bdsk-File-1 = {YnBsaXN0MDDSAQIDBFxyZWxhdGl2ZVBhdGhZYWxpYXNEYXRhXxCKLi4vLi4vLi4vLi4vTGlicmFyeS9Nb2JpbGUgRG9jdW1lbnRzL2NvbX5hcHBsZX5DbG91ZERvY3MvQmliRGVza0RvY3MvaGlyc2NoMTZiYW4gdW5leGNlcHRpb25hbCBzZW1hbnRpY3MgZm9yIGV4cHJlc3Npb25zIG9mIGV4Y2VwdGlvbmEucGRmTxECbgAAAAACbgACAAAERGF0YQAAAAAAAAAAAAAAAAAAAAAAAAAAAAAAAAAAAEJEAAH/////H2hpcnNjaDE2YmFuIHVuZXhjZSNGRkZGRkZGRi5wZGYAAAAAAAAAAAAAAAAAAAAAAAAAAAAAAAAAAAAAAAAAAP////8AAAAAUERGIAAAAAAABAAFAAAKIGN1AAAAAAAAAAAAAAAAAAtCaWJEZXNrRG9jcwAAAgCKLzpVc2Vyczp1czE6TGlicmFyeTpNb2JpbGUgRG9jdW1lbnRzOmNvbX5hcHBsZX5DbG91ZERvY3M6QmliRGVza0RvY3M6aGlyc2NoMTZiYW4gdW5leGNlcHRpb25hbCBzZW1hbnRpY3MgZm9yIGV4cHJlc3Npb25zIG9mIGV4Y2VwdGlvbmEucGRmAA4AjABFAGgAaQByAHMAYwBoADEANgBiAGEAbgAgAHUAbgBlAHgAYwBlAHAAdABpAG8AbgBhAGwAIABzAGUAbQBhAG4AdABpAGMAcwAgAGYAbwByACAAZQB4AHAAcgBlAHMAcwBpAG8AbgBzACAAbwBmACAAZQB4AGMAZQBwAHQAaQBvAG4AYQAuAHAAZABmAA8ACgAEAEQAYQB0AGEAEgCIVXNlcnMvdXMxL0xpYnJhcnkvTW9iaWxlIERvY3VtZW50cy9jb21+YXBwbGV+Q2xvdWREb2NzL0JpYkRlc2tEb2NzL2hpcnNjaDE2YmFuIHVuZXhjZXB0aW9uYWwgc2VtYW50aWNzIGZvciBleHByZXNzaW9ucyBvZiBleGNlcHRpb25hLnBkZgATAAEvAAAVAAIACv//AAAACAANABoAJACxAAAAAAAAAgEAAAAAAAAABQAAAAAAAAAAAAAAAAAAAyM=}}

@article{tanaka97a,
	Author = {Tanaka, Hidekazu},
	Date-Added = {2020-05-31 06:13:19 +0200},
	Date-Modified = {2020-06-19 09:11:57 +0200},
	Doi = {10.1023/A:1008202213790},
	Journal = {Journal of East Asian Linguistics},
	Pages = {143-188},
	Title = {Invisible movement in \emph{sika-nai} and the linear crossing constraint},
	Volume = {6},
	Year = {1997}}

@article{takahashi90a,
	Author = {Takahashi, Daiko},
	Date-Added = {2020-05-31 06:12:54 +0200},
	Date-Modified = {2020-05-31 06:12:54 +0200},
	Journal = {English Linguistics},
	Pages = {129--146},
	Title = {Negative polarity, phrase structure, and the {ECP}},
	Volume = {7},
	Year = {1990},
	Bdsk-File-1 = {YnBsaXN0MDDSAQIDBFxyZWxhdGl2ZVBhdGhZYWxpYXNEYXRhXxCGLi4vLi4vLi4vLi4vTGlicmFyeS9Nb2JpbGUgRG9jdW1lbnRzL2NvbX5hcHBsZX5DbG91ZERvY3MvQmliRGVza0RvY3MvdGFrYWhhc2hpOTBhbmVnYXRpdmUgcG9sYXJpdHksIHBocmFzZSBzdHJ1Y3R1cmUsIGFuZCB0aGUgZWNwYS5wZGZPEQJeAAAAAAJeAAIAAAREYXRhAAAAAAAAAAAAAAAAAAAAAAAAAAAAAAAAAAAAQkQAAf////8fdGFrYWhhc2hpOTBhbmVnYXRpI0ZGRkZGRkZGLnBkZgAAAAAAAAAAAAAAAAAAAAAAAAAAAAAAAAAAAAAAAAAA/////wAAAAAAAAAAAAAAAAAEAAUAAAogY3UAAAAAAAAAAAAAAAAAC0JpYkRlc2tEb2NzAAACAIYvOlVzZXJzOnVzMTpMaWJyYXJ5Ok1vYmlsZSBEb2N1bWVudHM6Y29tfmFwcGxlfkNsb3VkRG9jczpCaWJEZXNrRG9jczp0YWthaGFzaGk5MGFuZWdhdGl2ZSBwb2xhcml0eSwgcGhyYXNlIHN0cnVjdHVyZSwgYW5kIHRoZSBlY3BhLnBkZgAOAIQAQQB0AGEAawBhAGgAYQBzAGgAaQA5ADAAYQBuAGUAZwBhAHQAaQB2AGUAIABwAG8AbABhAHIAaQB0AHkALAAgAHAAaAByAGEAcwBlACAAcwB0AHIAdQBjAHQAdQByAGUALAAgAGEAbgBkACAAdABoAGUAIABlAGMAcABhAC4AcABkAGYADwAKAAQARABhAHQAYQASAIRVc2Vycy91czEvTGlicmFyeS9Nb2JpbGUgRG9jdW1lbnRzL2NvbX5hcHBsZX5DbG91ZERvY3MvQmliRGVza0RvY3MvdGFrYWhhc2hpOTBhbmVnYXRpdmUgcG9sYXJpdHksIHBocmFzZSBzdHJ1Y3R1cmUsIGFuZCB0aGUgZWNwYS5wZGYAEwABLwAAFQACAAr//wAAAAgADQAaACQArQAAAAAAAAIBAAAAAAAAAAUAAAAAAAAAAAAAAAAAAAMP}}

@misc{alonso-ovalle04a,
	Author = {Alonso-Ovalle, Luis and Hirotani, Masako},
	Date-Added = {2020-05-31 06:12:37 +0200},
	Date-Modified = {2020-05-31 06:12:37 +0200},
	Howpublished = {Poster, NELS 35},
	Title = {A negative concord exceptive: {J}apanese \emph{sika}},
	Year = {2004},
	Bdsk-File-1 = {YnBsaXN0MDDSAQIDBFxyZWxhdGl2ZVBhdGhZYWxpYXNEYXRhXxCELi4vLi4vLi4vLi4vTGlicmFyeS9Nb2JpbGUgRG9jdW1lbnRzL2NvbX5hcHBsZX5DbG91ZERvY3MvQmliRGVza0RvY3MvYWxvbnNvLW92YWxsZTA0YWEgbmVnYXRpdmUgY29uY29yZCBleGNlcHRpdmUgamFwYW5lc2Ugc2lrYWEucGRmTxECVgAAAAACVgACAAAERGF0YQAAAAAAAAAAAAAAAAAAAAAAAAAAAAAAAAAAAEJEAAH/////H2Fsb25zby1vdmFsbGUwNGFhICNGRkZGRkZGRi5wZGYAAAAAAAAAAAAAAAAAAAAAAAAAAAAAAAAAAAAAAAAAAP////8AAAAAUERGIAAAAAAABAAFAAAKIGN1AAAAAAAAAAAAAAAAAAtCaWJEZXNrRG9jcwAAAgCELzpVc2Vyczp1czE6TGlicmFyeTpNb2JpbGUgRG9jdW1lbnRzOmNvbX5hcHBsZX5DbG91ZERvY3M6QmliRGVza0RvY3M6YWxvbnNvLW92YWxsZTA0YWEgbmVnYXRpdmUgY29uY29yZCBleGNlcHRpdmUgamFwYW5lc2Ugc2lrYWEucGRmAA4AgAA/AGEAbABvAG4AcwBvAC0AbwB2AGEAbABsAGUAMAA0AGEAYQAgAG4AZQBnAGEAdABpAHYAZQAgAGMAbwBuAGMAbwByAGQAIABlAHgAYwBlAHAAdABpAHYAZQAgAGoAYQBwAGEAbgBlAHMAZQAgAHMAaQBrAGEAYQAuAHAAZABmAA8ACgAEAEQAYQB0AGEAEgCCVXNlcnMvdXMxL0xpYnJhcnkvTW9iaWxlIERvY3VtZW50cy9jb21+YXBwbGV+Q2xvdWREb2NzL0JpYkRlc2tEb2NzL2Fsb25zby1vdmFsbGUwNGFhIG5lZ2F0aXZlIGNvbmNvcmQgZXhjZXB0aXZlIGphcGFuZXNlIHNpa2FhLnBkZgATAAEvAAAVAAIACv//AAAACAANABoAJACrAAAAAAAAAgEAAAAAAAAABQAAAAAAAAAAAAAAAAAAAwU=}}

@incollection{aoyagi94,
	Address = {Stanford, Calif.},
	Author = {Aoyagi, Hiroshi and Ishii, Toru},
	Booktitle = {Japanese/{K}orean Linguistics 4},
	Date-Modified = {2020-06-19 08:34:31 +0200},
	Pages = {295-311},
	Publisher = {{CSLI} Publications},
	Title = {On {NPI} licensing in {J}apanese},
	Year = {1994}}

@article{takahashi1990,
	Author = {Takahashi, Daiko},
	Journal = {English Linguistics},
	Pages = {129-146},
	Title = {Negative Polarity, phrase structure, and the ECP},
	Volume = {7},
	Year = {1990}}

@article{shimoyama11,
	Author = {Shimoyama, Junko},
	Date-Modified = {2020-06-19 09:10:21 +0200},
	Doi = {10.1093/jos/ffr004},
	Journal = {Journal of Semantics},
	Pages = {413-450},
	Title = {Japanese indeterminate negative polarity items and their scope},
	Volume = {28},
	Year = {2011}}

@inproceedings{takita11a,
	Author = {Takita, Kensuke},
	Booktitle = {Proceedings of the North East Linguistic Society},
	Pages = {771--784},
	Title = {An argument for argument ellipsis from-sika NPIs},
	Volume = {39},
	Year = {2011}}

@inproceedings{kawahara08a,
	Author = {Kawahara, Koji},
	Booktitle = {Proceedings of {NELS} 37},
	Date-Modified = {2020-06-19 09:00:57 +0200},
	Editor = {Walkow, Martin and Elfner, Emily},
	Pages = {1-14},
	Title = {A new perspective on {J}apanese \emph{sika-nai} construction},
	Volume = {2},
	Year = {2008}}

@phdthesis{goro07,
	Address = {College Park, Maryland},
	Author = {Goro, Takuya},
	School = {University of Maryland},
	Title = {Language-Specific constraints on scope interpretation in first language acquisition},
	Year = {2007}}

@article{yoshimura07a,
	Author = {Yoshimura, Keiko},
	Journal = {Lodz Papers in Pragmatics},
	Number = {1},
	Pages = {97--117},
	Publisher = {De Gruyter Mouton},
	Title = {What does only assert and entail?},
	Volume = {3},
	Year = {2007}}

@phdthesis{yoshimura2007b,
	Author = {Yoshimura, Keiko},
	Booktitle = {Focus and polarity: \emph{even} and \emph{only} in {J}apanese},
	Date-Modified = {2020-06-19 09:19:06 +0200},
	school = {The University of Chicago},
	Title = {Focus and polarity: \emph{even} and \emph{only} in {J}apanese},
	Year = {2007}}

@inproceedings{yoshimura07c,
	Address = {Fresno, California},
	Author = {Yoshimura, Keiko},
	Booktitle = {Proceedings of the thirty-fourth Western Conference on Linguistics},
	Date-Modified = {2020-06-19 09:26:38 +0200},
	Editor = {Bainbridge, Erin and Agbayani, Brian},
	Organization = {Department of Linguistics, California State University, Fresno},
	Title = {The Semantics of Focus Particle --\emph{shika} `only' in Japanese},
	Year = {2007}}

@article{yatsushiro09b,
	Author = {Yatsushiro, Kazuko},
	Date-Modified = {2020-06-19 09:18:02 +0200},
	Doi = {10.1007/s11050-009-9044-8},
	Journal = {Natural Language Semantics},
	Pages = {141-172},
	Title = {The distribution of quantificational suffixes in {J}apanese},
	Volume = {17},
	Year = {2009}}

@article{shimoyama06,
	Author = {Shimoyama, Junko},
	Date-Modified = {2020-06-19 09:09:30 +0200},
	Doi = {10.1007/s11050-006-0001-5},
	Journal = {Natural Language Semantics},
	Pages = {139-173},
	Title = {Indeterminate Phrase Quantification in {J}apanese},
	Volume = {14},
	Year = {2006}}

@book{nishigauchi90,
	Address = {Dordrecht, Netherlands},
	Author = {Nishigauchi, Taisuke},
	Date-Modified = {2020-06-19 09:06:44 +0200},
	Doi = {10.1007/978-94-009-1972-3},
	Publisher = {Kluwer Academic Publishers},
	Title = {Quantification in the Theory of Grammar},
	Year = {1990}}

@phdthesis{uchibori2000,
	Author = {Uchibori, Asako},
	School = {University of Connecticut, Storrs},
	Title = {The syntax of subjunctive complements: Evidence from Japanese},
	Year = {2000}}

@incollection{muraki78,
	Address = {Tokyo},
	Author = {Muraki, Masatake},
	Booktitle = {Problems in {J}apanese Syntax and Semantics},
	Date-Modified = {2020-06-19 09:05:28 +0200},
	Editor = {Hinds, John and Howard, Irwin},
	Pages = {155-177},
	Publisher = {Kaitakusha},
	Title = {The \emph{sika nai} construction and predicate restructuring},
	Year = {1978}}

@book{sauerland07ed,
	Address = {Basingstoke, UK},
	Booktitle = {Presupposition and Implicature in Compositional Semantics},
	Date-Added = {2020-06-18 22:31:27 +0200},
	Date-Modified = {2020-06-19 08:41:08 +0200},
	Doi = {10.1057/9780230210752},
	Editor = {Sauerland, Uli and Stateva, Penka},
	Publisher = {Palgrave Macmillan},
	Title = {Presupposition and Implicature in Compositional Semantics},
	Year = {2007},
	Bdsk-File-1 = {YnBsaXN0MDDSAQIDBFxyZWxhdGl2ZVBhdGhZYWxpYXNEYXRhXxA5Li4vLi4vLi4vLi4vQ2xpcHBpbmdzL0F1dGhvcnMvU2F1ZXJsYW5kL3NhdWVybGFuZDA3ZWQucGRmTxEBZAAAAAABZAACAAAERGF0YQAAAAAAAAAAAAAAAAAAAAAAAAAAAAAAAAAAAEJEAAH/////EXNhdWVybGFuZDA3ZWQucGRmAAAAAAAAAAAAAAAAAAAAAAAAAAAAAAAAAAAAAAAAAAAAAAAAAAAAAAAAAAAAAP////8AAAAAAAAAAAAAAAAABAAEAAAKIGN1AAAAAAAAAAAAAAAAAAlTYXVlcmxhbmQAAAIAOS86VXNlcnM6dXMxOkNsaXBwaW5nczpBdXRob3JzOlNhdWVybGFuZDpzYXVlcmxhbmQwN2VkLnBkZgAADgAkABEAcwBhAHUAZQByAGwAYQBuAGQAMAA3AGUAZAAuAHAAZABmAA8ACgAEAEQAYQB0AGEAEgA3VXNlcnMvdXMxL0NsaXBwaW5ncy9BdXRob3JzL1NhdWVybGFuZC9zYXVlcmxhbmQwN2VkLnBkZgAAEwABLwAAFQACAAr//wAAAAgADQAaACQAYAAAAAAAAAIBAAAAAAAAAAUAAAAAAAAAAAAAAAAAAAHI}}
