
@article{beck2010,
  author = {Beck, Sigrid},
  title = {Quantifiers in Than-Clauses},
  journal = {Semantics and Pragmatics},
  volume = {3},
  pages = {1--72},
}

% @comment{Chierchia, Gennaro (2001) Scalar Implicatures, Polarity Phenomena, and the Syntax/Pragmatics Interface. Ms., published in: A. Beletti (ed.) (2004) Structures and Beyond, Oxford University Press.}
@incollection{chierchia2004,
  author = {Chierchia, Gennaro},
  title = {Scalar implicatures, polarity phenomena and the syntax / pragmatics interface},
  booktitle = {Structures and Beyond},
  editor = {Belletti, A.},
  publisher = {Oxford University Press},
  year = {2004},
  pages = {39--103},
}

% @comment{Chierchia, Gennaro (2004) Broaden your views. Implicatures of Domain Widening. Ms., University of Milan - Bicocca.}
@article{chierchia2006,
  author = {Chierchia, Gennaro},
  title = {Broaden your views: Implicatures of domain widening and the {\textquoteleft}{\textquoteleft}logicality{\textquoteright}{\textquoteright} of language},
  journal = {Linguistic Inquiry},
  volume = {37},
  year = {2006},
  pages = {535--590},
}

@unpublished{chierchia2011,
  author = {Chierchia, Gennaro},
  title = {Meaning as an Inferential System: Polarity and Free Choice Phenomena},
  address = {Harvard University},
  year = {2011},
  note = {Ms., Harvard University}
}

@book{chierchia2013,
  author = {Chierchia, Gennaro},
  title = {{Logic} in {Grammar}: {Polarity}, {Free} {Choice} and {Intervention}},
  publisher = {Oxford University Press},
  year = {2013}
}

% @comment{ Dayal, Veneeta (1998) "Any as inherently modal," Linguistics and Philosophy 21, pp. 433-476. }
@article{dayal1998,
 author = {Dayal, Veneeta},
 title = {Any as inherently modal},
 journal = {Linguistics and Philosophy},
 volume = {21},
 pages = {433--476},
 year = 1998
}

% @comment{ Dayal, Veneeta (2004) "The universal force of free choice any,"
%         Ms., to appear in: Linguistic Variation Yearbook 2005.
%         [http://semanticsarchive.net/Archive/TU0NjY3Z/Universal-any.pdf]  }
@incollection{dayal2004,
  author = {Dayal, Veneeta},
  title = {The universal force of free choice any},
  booktitle = {Linguistic Variation Yearbook},
  volume = {4/1},
  publisher = {John Benjamins},
  pages = {5--40},
  year = 2004
}

@inproceedings{dayal2009,
  author = {Dayal, Veneeta},
  title = {Variation in {English} {Free} {Choice} {Items}},
  editor = {Mohanty, Rajat and Menon, Mythili},
  booktitle = {{Universals} and {Variation}: {Proceedings} of {GLOW} in {Asia} {VII}},
  pages = {237--256},
  year = 2009,
}

@incollection{dayal2013,
  author = {Dayal, Veneeta},
  title = {A {Viability} {Constraint} on {Alternatives} for {Free} {Choice}},
  editor = {F{\u a}l{\u a}u{\c s}, Anamaria},
  booktitle = {Alternatives in {Semantics}},
  series = {Palgrave Studies in Pragmatics, Language and Cognition},
  publisher = {Palgrave Macmillan},
  pages = {88--122},
  year = 2013
}

% Fintel, Kai von (1999) “NPI-licensing, Strawson entailment and questions,” Journal of Semantics 16, pp. 97–148.
@article{fintel1999,
  author = {von Fintel, Kai},
  title = {NPI-licensing, {Strawson} entailment and questions},
  journal = {Journal of Semantics},
  volume = {16},
  pages = {97-–148},
  year = {1999},
}

@article{fleisher2016,
  author = {Fleisher, Nicholas},
  title = {Comparing theories of quantifiers in than clauses: {Lessons} from downward-entailing differentials},
  journal = {Semantics and Pragmatics},
  volume = {9.4},
  year = {2016},
  pages = {1--23}
}

@incollection{fox2007,
  author = {Fox, Danny},
  title = {{Free} {Choice} {Disjunction} and the {Theory} of {Scalar} {Implicatures}},
  booktitle = {{Presupposition} and {Implicature} in {Compositional} {Semantics}},
  editor = {Uli Sauerland and Penka Stateva},
  pages = {71--120},
  address = {New York},
  publisher = {Palgrave Macmillan},
  year = {2007},
}

@article{gajewski2010,
  author = {Jon Gajewski},
  journal = {Journal of Semantics},
  volume = {27/1},
  pages = {125--137},
  publisher = {Oxford University Press},
  year = {2010},
}

@article{giannak2007,
  author = {Giannakidou, Anastasia},
  year = {2007},
  title = {The landscape of {EVEN}},
  journal = {Natural Language and Linguistic Theory},
  volume = {25},
  pages = {39--81}
}

@phdthesis{guerzoni03,
  author = {Elena Guerzoni},
  title = {Why even ask?},
  school = {Massachusetts Institute of Technology},
  year = {2003},
  type = {Ph.{D}. thesis},
  address = {Cambridge, Mass.},
}

% @comment{Hamblin, C.L. (1973) "Questions in Montague English," Foundations of Language 10, pp. 41-53.}
@article{hamblin1973,
  author = {Hamblin, Charles Leonhard},
  title = {Questions in Montague English},
  journal = {Foundations of Language},
  volume = {10},
  pages = {41--53},
  year = {1973},
}

% @comment{Heim, Irene (1984) "A Note on Negative Polarity and Downward Entailingness," in: C. Jones & P. Sells (eds.)
% Proceedings of NELS 14, GLSA, Ling. Dept., Univ. of Massachusetts, Amherst.}
@inproceedings{heim1984,
  author = {Heim, Irene},
  title = {A Note on Negative Polarity and Downward Entailingness},
  editor = {Jones, Charles and Sells, Peter},
  booktitle = {Proceedings of {NELS} 14},
  publisher = {GLSA},
  address = {University of Massachusetts, Amherst, Mass.},
  pages = {98--107},
  year = {1984},
}

@inproceedings{heim2000,
  author = {Heim, Irene},
  title = {Degree operators and scope},
  editor = {Jackson, B. and Matthews, T.},
  booktitle = {Proceedings of {Semantics} and {Linguistic} {Theory} 10},
  publisher = {CLC Publications},
  address = {Cornell University, Ithaca, NY},
  pages = {40--64},
  year = {2000},
}

@unpublished{heim2006,
  author = {Heim, Irene},
  title = {Remarks on Comparative Clauses as Generalized Quantifiers},
  year = {2006},
  url = {https://semanticsarchive.net/Archive/mJiMDBlN/},
}

% @comment{Horn, Laurence (2000) "Any and (-)ever: Free choice and free relatives," in: Wyner, A. Z. (ed.) Proceedings of the 15th Annual Conference of the Israeli Association for Theoretical Linguistics, pp. 71-111.}
@inproceedings{horn2000a,
  author = {Horn, Laurence},
  title = {Any and (-)ever: Free choice and free relatives},
  editor = {Wynder, A. Z.},
  booktitle = {Proceedings of the 15th Annual Conference of the Israeli Association for Theoretical Linguistics},
  year = {2000},
  pages = {71--111}
}

% @comment{Kadmon, Nirit & Fred Landmann (1993) "Any," Linguistics and Philosophy 16, pp. 353-422.}
@article{kadmonlandmann1993,
  author = {Kadmon, Nirit and Landmann, Fred},
  title = {Any},
  journal = {Linguistics and Philosophy},
  volume = {16},
  pages = {353--422},
  year = {1993},
}

% @comment{Klima, Edward S. (1964) "Negation in English," in J. Fodor & J. Katz (eds.) The Structure of Language. Prentice-Hall, Englewood Cliffs.}
@incollection{klima1964,
  author = {Klima, Edward S.},
  title = {Negation in {English}},
  booktitle = {The Structure of Language},
  editor = {Fodor, J. and Katz, J.},
  publisher = {Prentice-Hall},
  address = {Englewood Cliffs, NJ},
  year = {1964},
  pages = {246--323}
}


% @comment{Kratzer, Angelika (2004) Indefinites and the Operators they Depend on: From Japanese to Salish. Ms. University of
% Massachusetts at Amherst. To appear in: G. N. Carlson & F.J. Pelletier (eds.) Reference and Quantification: The Partee
% Effect. CSLI.}

@incollection{kratzer2005,
  author = {Kratzer, Angelika},
  title = {Indefinites and the operators they depend on},
  editor = {Carlson, Gregory N. and Pelletier, Jeffry},
  booktitle = {Reference and Quantification. The Partee Effect},
  series = {CSLI Publications},
  publisher = {Univ. of Chicago Press},
  pages = {113--142},
  year = 2005
}

% @comment{Kratzer, Angelika and Junko Shimoyama: (2002) "Indeterminate Pronouns: The View from Japanese," Paper presented at the
% 3rd Tokyo Conference on Psycholinguistics.}

@inproceedings{kratzershimo2002,
  author = {Kratzer, Angelika and Shimoyama, Junko},
  title = {Indeterminate Pronouns: The View from Japanese},
  editor = {Otsu, Yukio},
  booktitle = {Proceedings of the 3rd {Tokyo} {Conference} on {Psycholinguistics}},
  location = {Hituzi Syobo, Tokyo},
  year = {2002},
  pages = {1--25}
}

% @comment{Krifka, Manfred (1995) "The Semantics and Pragmatics of Polarity Items," Linguistic Analysis 25, pp. 209-257.}
@article{krifka1995,
  author = {Krifka, Manfred},
  title = {The Semantics and Pragmatics of {Polarity} {Items}},
  journal = {Linguistic Analysis},
  volume = {25},
  year = {1995},
  pages = {209--257}
}

% @comment{Krifka, M. (1998). Additive particles under stress. In Semantics and Linguistic Theory, volume 8, pages111–128.}
@article{krifka1998,
  author = {Krifka, Manfred},
  title = {Additive particles under stress},
  journal = {Semantics and Linguistic Theory},
  volume = {8},
  year = {1998},
  pages = {111--128}
}

% @comment{Ladusaw, William A. (1979) Polarity Sensitivity as Inherent Scope Relations, Ph. D. Dissertation, University of Texas, Austin.}
@phdthesis{ladusaw1979,
  author = {Ladusaw, William A.},
  title = {Polarity Sensitivity as Inherent Scope Relations},
  school = {University of Texas, Austin},
  year = {1979},
}
% @comment{Lakoff, Robin (1969) "Some Reasons why there can't be any some-any Rule," Language 45, pp. 608-615.}

@article{lakoffrob1969,
  author = {Lakoff, Robin},
  title = {Some Reasons why there can't be any some-any Rule},
  journal = {Language},
  volume = {45},
  year = {1969},
  pages = {608--615},
}

@article{lechner2002,
  author = {Lechner, Winfried},
  title = {Negative islands in comparatives},
  journal = {Snippets},
  volume = {5},
  year = {2002},
  pages = {12--13}
}


% @comment{Lee, Young-Suk. & Lawrence Horn (1994) Any as Indefinite plus Even, Ms., Yale University.}
@unpublished{leehorn1994,
  author = {Lee, Young-Suk. and Horn, Lawrence},
  title = {Any as Indefinite plus Even},
  address = {Yale University},
  year = {1994}
}

% @comment{Lees, R. B. (1961) .The English Comparative Construction., Word 17, 171-185.}
@article{lees1961,
  author = {Lees, Robert B.},
  title = {The {English} comparative construction},
  journal = {Word},
  volume = {17},
  year = {1961},
  pages = {171--185},
}

% @comment{ LeGrand, Jean Ehrenkranz (1975) Or and Any: The Semantics and
%           Syntax of Two Logical Operators. University of Chicago
%           dissertation. }
@phdthesis{legrand1975,
 author = {LeGrand, Jean Ehrenkranz},
 title = {Or and Any: The Semantics and Syntax of Two Logical Operators},
 school = {University of {Chicago}},
 year = 1975
}

% @comment{Linebarger, Marcia C. (1987) "Negative Polarity and Grammatical Representation," Linguistics and Philosophy 10, pp. 325-387.}
@article{linebarger1987,
  author = {Linebarger, Marcia C.},
  title = {{Negative} {Polarity} and Grammatical Representation},
  journal = {Linguistics and Philosophy},
  volume = {10},
  year = {1987},
  pages = {325--387}
}

% @comment{Neubarth, Friedrich (2006) Polarity, Alternatives, and Scales. Diss., Univ. of Vienna.
%         [http://www.ofai.at/~friedrich.neubarth/linguistics/FN_Diss_2006.pdf]}
@phdthesis{neubarth2006,
  author = {Neubarth, Friedrich},
  title = {Polarity, Alternatives, and Scales},
  school = {Univ. of Vienna},
  year = {2006},
  url = {http://www.ofai.at/~friedrich.neubarth/linguistics/FN_Diss_2006.pdf}
}

% @comment{Neubarth F.: Universal weak NPIs - is there ever freedom of choice?,
% Mayr, C. & Williams, E. (eds.) 11-11-2017. Festschrift fuer Martin Prinzhorn. Wiener Linguistische Gazette 82, pp. 211-218, 2017.
% http://wlg.univie.ac.at/fileadmin/user_upload/p_wlg/822017/A_Festschrift_Prinzhorn.pdf}
% @comment{problematic bib category!}
@incollection{neubarth2017,
  author = {Neubarth, Friedrich},
  title = {Universal weak {NPIs} - is there ever freedom of choice?},
  editor = {Mayr, Clemens and Williams, Edwin},
  booktitle = {11-11-2017. Festschrift f\"ur Martin Prinzhorn},
  publisher = {Wiener Linguistische Gazette 82},
  year = {2017},
  pages = {211--218}
}

@inproceedings{novelromero2009,
  author = {Novel, Marc and Romero, Maribel},
  title = {Movement, Variables and {Hamblin} Alternatives},
  editor = {Prinzhorn, Martin and Schmitt, Viola and Zobel, Sarah},
  booktitle = {Proceedings of {Sinn} und {Bedeutung} 14},
  address = {University of Vienna, Austria},
  pages = {322--328},
  year = {2009},
}

@inproceedings{ramchand1997,
  author = {Ramchand, Gillian C.},
  title = {Questions, polarity and alternative semantics},
  editor = {Kusumoto, Kiyomi},
  booktitle = {Proceedings of {NELS} 27},
  location = {McGill University},
  year = {1997},
  pages = {383--396}
}

% @comment{Reinhart, T. 1997. Quantifier Scope: How Labor is Divided Between QR and Choice Functions.
% Linguistics and Philosophy 20, 335-397.}
@article{reinhart1997,
  author = {Reinhart, Tanya},
  title = {{Quantifier} {Scope}: How Labor is Divided Between {QR} and {Choice} {Functions}},
  journal = {Linguistics and Philosophy},
  vlume = {20},
  pages = {335--397},
  year = {1997}
}

% @comment{Ross, J. (1980) .No Negatives in Than-Clauses, More Often Than Not., Studies in Language 4:1, 119-123.}
@article{ross1980,
  author = {Ross, John},
  title = {No Negatives in Than-Clauses, More Often Than Not},
  journal = {Sudies in Language},
  vlume = {4/1},
  pages = {119--123},
  year = {1980}
}

% @comment{Rullmann, Hotze (1997) "Even, polarity, and scope," in: M. Gibson, G. Wiebe & G. Libben (eds.) Papers in Experimental and Theoretical Linguistics. Dept. of Linguistics, Univ. of Alberta, Edmonton, pp. 40-64.}
@incollection{rullmann1997,
  author = {Rullmann, Hotze},
  title = {Even, polarity, and scope},
  booktitle = {Papers in Experimental and Theoretical Linguistics},
  editor = {Gibson, M. and Wiebe, G. and Libben, G.},
  publisher = {Dept. of Linguistics, Univ. of Alberta},
  address = {Edmonton},
  year = {1997},
  pages = {40--64},
}

@article{schwarz2005,
  author = {Schwarz, Berhard},
  title = {Scalar additive particles in negative contexts},
  journal = {Natural Language Semantics},
  volume = {13},
  year = {2006},
  pages = {125--168}
}

% @comment{Schwarzschild, Roger & Karina Wilkinson (2002) "Quantifiers in comparatives: A semantics of degree based on intervals," Natural Language Semantics 10, pp. 93-116.}
@article{schwarzschwilk2002,
  author = {Schwarzschild, Roger and Wilkinson, Karina},
  title = {Quantifiers in comparatives: A semantics of degree based on intervals},
  journal = {Natural Language Semantics},
  volume = {10},
  year = {2002},
  pages = {93--116}
}

% @comment{von Stechow, Arnim (1996c) “The Different Readings of Wieder ‘Again’: A Structural Account,”
% Journal of Semantics 13(2), pp. 87–138.}
@article{stechow1996,
  author = {von Stechow, Arnim},
  title = {The Different Readings of {\em Wieder} `Again': A Structural Account},
  journal = {Journal of Semantics},
  volume = {13/2},
  pages = {87--138},
  year = {1996},

}

@article{stechow1984,
  author = {von Stechow, Arnim},
  title = {Comparing Semantic Theories about Comparison},
  journal = {Journal of Semantics},
  volume = {3/1-2},
  pages = {1--77},
  year = {1984},
}

% @comment{Vendler, Zeno (1967) Linguistics in Philosophy. Cornell University Press, Ithaca.}
@book{vendler1967,
  author = {Vendler, Zeno},
  title = {{Linguistics} in {Philosophy}},
  publisher = {Cornell University Press},
  address = {Ithaca},
  year = {1967}
}

% @comment{Wagner, Michael (2005) "NPI-Licensing and Focus Movement." to appear in: Effi Georgala & Jonathan Howell (eds.)
% Proceedings of SALT XV. Cornell University.
% [https://pdfs.semanticscholar.org/19c7/d52f8994939f82070b45e18c213474f2bb8a.pdf]}
@inproceedings{wagner2005,
  author = {Wagner, Michael},
  title = {{NPI-Licensing} and {Focus} {Movement}},
  editor = {Georgala, Effi and Howell, Jonathan},
  booktitle = {Proceedings of SALT XV},
  year = {2005},
  pages = {276--293},
  location = {Cornell University},
  url = {https://pdfs.semanticscholar.org/19c7/d52f8994939f82070b45e18c213474f2bb8a.pdf}
}


% @comment{ Zwarts, Frans (1990) "The Syntax and Semantics of Negative Polarity," ms. for S. Busemann (ed.) (1993) Views on the Syntax-Semantics Interface II.}
@unpublished{zwarts1990,
  author = {Zwarts, Frans},
  title = {The {Syntax} and {Semantics} of {Negative} {Polarity}},
  year = {1990},
  note = {Ms. for ed. S. Busemann. 1993. Views on the Syntax-Semantics Interface II}
}

% @comment{Zwarts, Frans (1998) "Three Types of Polarity," in F. Hamm & E. Hinrichs (eds.) Plural Quantification. Kluwer, Dordrecht, pp. 286-312.}
@incollection{zwarts1998,
  author = {Zwarts, Frans},
  title = {Three Types of Polarity},
  booktitle = {Plural Quantification},
  editor = {Hamm, F. and Hinrichs, E.},
  publisher = {Kluwer},
  address = {Dordrecht},
  year = {1998},
  pages = {286--312}

}


@BOOK{Chomsky1957,
  author = {Noam Chomsky},
  year = {1957},
  title = {Syntactic structures},
  address = {The Hague},
  publisher = {Mouton}
}


@misc{Nordhoff2018,
  author = {Sebastian Nordhoff},
  year = {2018},
  title = {BibTeX generator},
  url = {http://glottotopia.org/doc2tex/doc2bib},
  urldate = {2020-05-10},
  note = {Follow the link to generate BibTeX}
}
