@article{Benedicto.Brentari.2004,
    author = {Benedicto, Elena and Diane Brentari},
    year = 2004, 
    title = {Where did all the arguments go? {A}r\-gu\-ment-changing properties of classifiers in {ASL}},
    journal = {Natural Language \& Linguistic Theory},
    volume = 22,
    pages = {743-810}
}
@inproceedings{Bergman.1980,
  author          = {Bergman, Brita},
  booktitle       = {Papers from the {First International Symposium on Sign Language Research}},
  editor          = {Ahlgren, Inger and Bergman, Brita},
  title           = {On Localisation in the {Swedish Sign Language}},
  year            = {1980},
  address = {Leksand},
  publisher = {Swedish National Association of the Deaf},
  pages = {81-92}
}
@article{BiberauerHR.2014,
    author = {Biberauer, Theresa and Anders Holmberg and Ian Roberts},
    year = 2014,
    title = {A syntactic universal and its consequences},
    journal = {Linguistic Inquiry},
    volume = 45, 
    number = 2,
    pages = {169-225}
}
@phdthesis{Bobaljik.1995,
  author      = {Jonathan Bobaljik},
  school      = {MIT},
  title       = {Morphosyntax: The syntax of verbal inflection},
  year        = {1995}
}
@article{Bobaljik.2002,
  author          = {Jonathan Bobaljik},
  journal         = {Natural Language and Linguistic Theory},
  title           = {A-chains at the {PF}-interface: Copies and `covert' movement},
  volume          = {20},
  year            = {2002},
  pages = {197-267}
}
@article{Bobaljik.Wurmbrand.2012,
    ids = {BW.2012}, 
    author = {Bobaljik, Jonathan and Susi Wurmbrand},
    year = 2012,
    title = {Word order and scope: Transparent interfaces and the 3/4 signature},
    journal = {Linguistic Inquiry},
    volume = 43,
    number = 3,
    pages = {371-421}
}
@article{Braze.2004,
    author = {Braze, David},
    year = 2004, 
    title = {Aspectual inflection, verb raising and object fronting in {American Sign Language}},
    journal = {Lingua},
    volume = 114,
    pages = {29–58}
}
@book{Brentari.1998,
  author         = {Diane Brentari},
  publisher      = {MIT Press},
  title          = {A prosodic model of sign language phonology},
  year           = {1998}
}
@book{Brody.1995,
  author         = {Michael Brody},
  publisher      = {MIT Press},
  title          = {Lexico-Logical Form: A radically {Minimalist} theory},
  year           = {1995}
}
@phdthesis{Costello.2015,
  author      = {Brendan Costello},
  school      = {University of Amsterdam},
  title       = {Language and modality: Effects of the use of space in the agreement system of {Lengua de Signos Española} ({Spanish Sign Language})},
  year        = {2015}
}
@article{DeBeuzeville.etal.2009,
    author = {De Beuzeville, Louise and Trevor Johnston and Adam Schembri},
    year = 2009,
    title = {The use of space with indicating verbs in {Auslan}: A corpus-based investigation},
    journal = {Sign Language \& Linguistics},
    volume = 12,
    number = 1,
    pages = {53-82},
    doi = {10.1075/sll.12.1.03deb}
}
@book{ErteschikShir.1997,
  author         = {Erteschik-Shir, Nomi},
  publisher      = {Cambridge University Press},
  address = {Cambridge, UK}, 
  title          = {The dynamics of focus structure},
  year           = {1997}
}
@article{Fenlon.etal.2018,
  author          = {Fenlon, Jordan and Adam Schembri and Kearsy Cormier},
  journal         = {Language},
  title           = {Modification of indicating verbs in {British Sign Language}: A corpus-based study},
  volume          = {94},
  year            = {2018},
  pages = {84–118},
  doi = {10.1353/lan.2018.0002}
}
@incollection{Fischer.1974,
  author         = {Fischer, Susan},
  booktitle      = {Actes du Colloque Franco-Allemand de Grammaire Transformationale {II}: 
  Étude de Semantiques et Autres},
  editor = {Rohrer, Ruwet},
  publisher      = {Niemeyer},
  address = {Tübingen},
  title          = {Sign language and linguistic universals},
  year           = {1974}
}
@incollection{Fischer.1975,
    author = {Fischer, Susan},
    year = 1975,
    title = {Influences on word-order change in {American Sign Language}},
    editor = {Charles Li},
    booktitle = {Word Order and Word Order Change},
    address = {Austin},
    publisher = {University of Texas Press},
    pages = {1-25}
}
@inproceedings{Fischer.1990,
  author          = {Fischer, Susan},
  booktitle       = {{SLR} `87: Papers from the
{Fourth International Symposium on Sign Language Research}},
  editor          = {William H. Edmondson and Fred Karlsson},
  title           = {The head parameter in {ASL}},
  year            = {1990},
  pages = {75-85}
}
@article{Fischer.Gough.1978,
  author          = {Fischer, Susan and Bonnie Gough},
  journal         = {Sign Language Studies},
  title           = {Verbs in {American Sign Language}},
  volume          = {7},
  year            = {1978},
  pages = {12–48}
}
@misc{Fischer.Janis.1992,
  author = {Fischer, Susan and Wynne Janis},
  year = 1992,
  title = {License to Derive:
  Resolving Conflict between Syntax and Morphology in {ASL}},
  note = {Paper presented at 66th Annual Meeting of the LSA}
}
@phdthesis{Gokgoz.2013,
  author = {Gökgöz, Kadir},
  year = 2013, 
  title = {The nature of object marking in {American Sign Language}},
  school = {Purdue University}
}
@phdthesis{Holmberg.1986,
  author      = {Anders Holmberg},
  school      = {University of Stockholm},
  title       = {Word Order and Syntactic Features in the {Scandinavian} Languages and {English}},
  year        = {1986}
}
@book{Klima.Bellugi.1979,
  address = {Cambridge, MA}, 
  author         = {Klima, Edward and Ursula Bellugi},
  publisher      = {Harvard University Press},
  title          = {The signs of language},
  year           = {1979}
}
@article{Kuhn.2016,
  author          = {Kuhn, Jeremy},
  journal         = {Journal of Semantics},
  number          = {3},
  title           = {{ASL} Loci: Variables or features?},
  volume          = {33},
  year            = {2016}
}
@inproceedings{Liddell.1977,
  address = {Silver Spring},
  author          = {Liddell, Scott},
  booktitle       = {Proceedings of the {First National Symposium in Sign Language Research and Teaching}},
  editor          = {W. C. Stokoe},
  pages = {193-228}, 
  publisher = {National Association of the Deaf},
  title           = {Non-Manual Signals in {American Sign Language}: 
  A Many Layered System},
  year            = {1977}
}
@book{Liddell.1980,
    author = {Liddell, Scott},
    year = 1980, 
    title = {{American Sign Language} syntax},
    address = {The Hague},
    publisher = {Mouton De Gruyter}
}
@article{Lourenco.Wilbur.2018, 
	title={Are plain verbs really plain?: Co-localization as the agreement marker in sign languages}, 
	volume={2}, 
	DOI={10.31009/FEAST.i2.06}, 
	journal={FEAST. Formal and Experimental Advances in Sign language Theory}, 
	author={Lourenço, Guilherme and Ronnie B. Wilbur}, 
	year={2018}, 
	month={12}, 
	pages={68-81}
}	
@article{Matsuoka.1997,
    author = {Matsuoka, Kazumi},
    year = 1997,
    title = {Verb raising in {American Sign Language}},
    journal = {Lingua},
    volume = 103,
    number = {2–3},
    pages = {127–149}
}
@article{Napoli.SS.2014,
  author = {Napoli, Donna J. and Sutton-Spence, Rachel},
  year = 2014,
  title = {Order of the major constituents in sign languages: Implications for all language},
  journal = {Frontiers in Psychology},
  volume = 5, 
  number = {376},
  doi = {10.3389/fpsyg.2014.00376}
}
@article{Napoli.SS.RMQ.2017,
  author          = {Napoli, Donna J. and Sutton-Spence, Rachel and Quadros, Ronice Müller de},
  journal         = {Language},
  number          = {3},
  title           = {Influence of predicate sense on word order in sign languages:
    Intensional and extensional verbs},
  volume          = {93},
  year            = {2017},
  pages = {641-670}
}
@book{Neidle.etal.2000,
  author         = {Neidle, Carol and Judy Kegl and Dawn MacLaughlin and Benjamin Bahan and Robert G. Lee},
  publisher      = {MIT Press},
  title          = {The syntax of {American Sign Language}: Functional categories and hierarchical structure},
  year           = {2000}
}
@article{Nevins.2011,
	author = {Andrew Nevins},
	year = {2011},
	title = {Multiple {Agree} with clitics: {Person} complementarity vs. omnivorous {Number}},
	journal = {Natural Language \& Linguistic Theory},
	volume = 29, 
	number = 4, 
	pages = {939-971}
}
@book{Padden.1988,
    author = {Padden, Carol},
    year = {1983/1988},
    title = {Interaction of Morphology and Syntax in {American Sign Language}},
    publisher = {Garland Publishing}
}
@article{Pfau.etal.2018,
  author          = {Pfau, Roland and Martin Salzmann and Markus Steinbach},
  journal         = {Glossa: a journal of general linguistics},
  number          = {1},
  title           = {The syntax of sign language agreement: Common ingredients, but unusual recipe},
  volume          = {3},
  year            = {2018},
  doi = {10.5334/gjgl.511}
}
@phdthesis{Quadros.1999,
    author = {Quadros, Ronice Müller de},
    year = 1999,
    title = {Phrase structure of {Brazilian Sign Language}},
    school = {Pontifícia Universidade Católica do Rio Grande do Sul}
}
@inproceedings{Quadros.2003,
	author = {Quadros, Ronice Müller de},
	booktitle = {Cross-Linguistic Perspectives in Sign Language Research: Selected Papers from {TISLR} 2000},
	editor = {Anne Baker and Beppie {van den Bogaerde} and Onno Crasborn},
	title = {Phrase structure of {Brazilian Sign Language}},
	year = {2003},
	pages = {141--162},
	address = {Hamburg},
	publisher = {Signum}
}
@incollection{Quadros.DLM.2010,
  author         = {Quadros, Ronice Müller de and Diane Lillo-Martin},
  editor = {Diane Brentari}, 
  booktitle      = {Sign languages: A Cambridge language survey},
  publisher      = {Cambridge University Press},
  title          = {Clause structure},
  year           = {2010}
}
@misc{Quadros.etal.2004,
  author = {Quadros, Ronice Müller de and Diane Lillo-Martin and Deborah Chen Pichler},
  year = {2004},
  title = {Clause structure in {LSB} and {ASL}},
  note = {Presentation at DGfS 26 in Mainz}
}
@phdthesis{Ross.1967,
  author      = {Ross, Haj},
  school      = {MIT},
  title       = {Constraints on Variables in Syntax},
  year        = {1967}
}
@book{SheehanBRH.2017,
    author = {Sheehan, Michelle and Theresa Biberauer and Ian Roberts and Anders Holmberg},
    year = 2017,
    title = {{The Final-Over-Final Condition}},
    publisher = {MIT Press}
}
@incollection{Smith.1990,
  author         = {Smith, Wayne H.},
  editor = {Susan Fischer and Patricia Siple},
  booktitle      = {Theoretical issues in sign language research, Vol. 1: Linguistics},
  publisher      = {The University of Chicago Press},
  title          = {Evidence for auxiliaries in {Taiwan Sign Language}},
  year           = {1990},
  pages = {211-228}
}
@book{Williams.2003,
  author         = {Williams, Edwin},
  publisher      = {MIT Press},
  title          = {Representation theory},
  year           = {2003}
}
