%% This BibTeX bibliography file was created using BibDesk.
%% https://bibdesk.sourceforge.io/

%% Created for Zheng Shen at 2022-02-19 17:45:52 +0800 


%% Saved with string encoding Unicode (UTF-8) 



@book{loporcaro1997,
	address = {Basel},
	author = {Loporcaro, Michele},
	date-added = {2022-02-19 17:24:59 +0800},
	date-modified = {2022-02-19 17:25:48 +0800},
	publisher = {Francke Verlag},
	title = {L'origine del raddoppiamento fonosintattico: saggio di fonologia diacronica romanza},
	year = {1997}}

@article{anderson1979a,
	author = {Anderson, Eric W.},
	date = {1979},
	journal = {Papers in Romance},
	language = {en},
	pages = {21--35},
	title = {The development of the Romance future tense: morphologization and a tendency toward analyticity},
	volume = {1}}

@book{andriani2017a,
	address = {Cambridge},
	author = {Andriani, Luigi},
	date = {2017},
	language = {en},
	publisher = {University of Cambridge dissertation},
	title = {The syntax of the dialect of Bari}}

@book{arregi2012a,
	address = {Dordrecht},
	author = {Arregi, Karlos and Nevins, Andrew},
	date = {2012},
	language = {en},
	publisher = {Springer},
	title = {Morphotactics: Basque auxiliaries and the structure of spellout}}

@inproceedings{arregi2018a,
	address = {Washington, DC},
	author = {Arregi, Karlos and Pietraszko, Asia},
	booktitle = {Proceedings of the LSA},
	date = {2018},
	editor = {Farrell, Patrick},
	language = {en},
	pages = {5 1--15},
	publisher = {Linguistic Society of America},
	title = {Generalized Head Movement},
	volume = {3}}

@article{ascoli1896a,
	author = {Ascoli, Graziadio I.},
	date = {1896},
	journal = {Archivio glottologico italiano},
	language = {it},
	pages = {453--468},
	title = {Un problema di sintassi comparata dialettale},
	volume = {14}}

@article{ascoli1901a,
	author = {Ascoli, Graziadio I.},
	date = {1901},
	journal = {Archivio glottologico italiano},
	language = {it},
	pages = {221--225},
	title = {Appendice all'articolo Un problema di sintassi comparata dialettale},
	volume = {15}}

@book{baker2010a,
	address = {Cambridge},
	author = {Baker, Mark},
	date = {2010},
	language = {en},
	publisher = {Cambridge University Press},
	title = {The syntax of agreement and concord}}

@article{bejar2009a,
	author = {B{\'e}jar, S. and Rezac, M.},
	date = {2009},
	date-modified = {2022-02-19 16:53:49 +0800},
	journal = {Linguistic Inquiry},
	language = {en},
	pages = {35--73},
	title = {Cyclic agree},
	volume = {40}}

@inproceedings{bobaljik2000a,
	address = {College Park},
	author = {Bobaljik, Jonathan},
	booktitle = {Proceedings of the Maryland Mayfest on Morphology},
	date = {2000},
	editor = {Grohmann, Kleanthes and Struijke, Caro},
	language = {en},
	pages = {35--71},
	publisher = {University of Maryland, Department of Linguistics},
	title = {The ins and outs of contextual allomorphy}}

@book{bobaljik2012a,
	address = {Cambridge, MA},
	author = {Bobaljik, Jonathan D.},
	date = {2012},
	language = {en},
	publisher = {MIT Press},
	title = {Universals in Comparative Morphology: Suppletion, Superlatives and the Structure of Words}}

@article{bo2014a,
	author = {Bo{\v s}kovi{\'c}, {\v Z}eljko},
	date = {2014},
	journal = {Linguistic Inquiry},
	language = {en},
	number = {1},
	pages = {27--89},
	title = {Now I'm a phase, now I'm not a phase: on the variability of phases in extraction and ellipsis},
	volume = {45}}

@book{bjorkman2011a,
	author = {Bjorkman, Bronwyn Alma Moore},
	date = {2011},
	language = {en},
	publisher = {MIT dissertation},
	title = {BE-ing default: The morphosyntax of auxiliaries}}

@book{bybee1994a,
	address = {Chicago},
	author = {Bybee, Joan and Perkins, Revere and Pagliuca, William},
	date = {1994},
	language = {en},
	publisher = {University of Chicago Press},
	title = {The evolution of grammar: Tense, aspect and modality in the languages of the world}}

@incollection{bye2012a,
	address = {Oxford},
	author = {Bye, Patrik and Svenonius, Peter},
	booktitle = {The morphology and phonology of exponence (Oxford studies in theoretical linguistics 41},
	date = {2012},
	editor = {Trommer, Jochen},
	language = {en},
	pages = {427--495},
	publisher = {Oxford University Press},
	title = {Non-concatenative morphology as epiphenomenon.In}}

@misc{calabrese1987a,
	address = {Torino},
	author = {Calabrese, Andrea},
	date = {1987},
	editor = {Bertinetto and Loporcaro, M. and eds., Certamen Phonologicum and Rosenberg and Selliers},
	language = {fr},
	pages = {253--299},
	title = {Consonantal Alternations in Salentino in P.M}}

@incollection{calabrese1993a,
	address = {Torino},
	author = {Calabrese., Andrea},
	booktitle = {Syntactic Theory and the Dialects of Italy},
	date = {1993},
	editor = {Belletti, A.},
	language = {en},
	pages = {28--98},
	publisher = {Rosenberg & Selliers},
	title = {Sentential Complementation in a Language without Infinitival Clauses: The Case of Salentino}}

@thesis{calabrese1988a,
	author = {Calabrese, Andrea},
	date = {1988},
	language = {en},
	school = {Massachusetts Institute of Technology},
	title = {Towards a theory of phonological alphabets},
	type = {PhD Dissertation,}}

@article{calabrese2012a,
	address = {Korea},
	author = {Calabrese, Andrea},
	date = {2012},
	journal = {Language and Information Society},
	language = {en},
	publisher = {Sogang University},
	title = {Allomorphy in the Italian Passato Remoto: A Distributed Morphology Analysis},
	volume = {1-75}}

@article{calabrese2015a,
	author = {Calabrese, Andrea},
	date = {2015},
	journal = {Isogloss. A Journal on Variation of Romance and Iberian languages},
	language = {en},
	number = {1},
	pages = {61--93},
	title = {Irregular Morphology and Athematic Verbs in Italo-Romance},
	volume = {2}}

@book{calabrese2019a,
	author = {Calabrese, Andrea},
	date = {2019},
	language = {en},
	publisher = {Ms., University of Connecticut},
	title = {Morphophonological Investigations: A Theory of PF. From syntax to phonology in Italian and Sanskrit verb forms}}

@incollection{calabrese2020a,
	author = {Calabrese., Andrea},
	booktitle = {Probus 2020},
	date = {2020},
	editor = {Roberts, Ian and Ledgeway, Adam},
	language = {en},
	note = {Special issue on Romance Historical Linguistics},
	title = {Remarks on the role of the perfect participle in Italian morphology and on its history}}

@book{calabrese2021a,
	author = {Calabrese, Andrea},
	date = {2021},
	language = {en},
	publisher = {Ms. University of Connecticut},
	title = {Distributed Morphology and Historical Linguistics: An investigation of Latin and Romance Thematic and Athematic Verbal Forms in a Diachronic Perspective}}

@article{calabrese2014a,
	author = {Calabrese, Andrea and Pescarini, Diego},
	date = {2014},
	journal = {Probus},
	language = {en},
	number = {2},
	pages = {275--308},
	title = {Clitic metathesis in the Friulian dialect of Forni di Sotto},
	volume = {26}}

@incollection{cardinaletti2001a,
	address = {Berlin},
	author = {Cardinaletti, Anna and Giusti, Giuliana},
	booktitle = {Semi-lexical categories. On the function of content words and the content of function words},
	date = {2001},
	editor = {Corver, Norbert and Riemsdijk, Henk},
	language = {en},
	pages = {371--414},
	publisher = {Mouton de Gruyter},
	title = {Semi-lexical motion verbs in Romance and Germanic}}

@incollection{cardinaletti2003a,
	address = {Oxford & New York},
	author = {Cardinaletti, Anna and Giusti, Giuliana},
	booktitle = {The syntax of Italian dialects},
	date = {2003},
	editor = {Tortora, Cristina},
	language = {en},
	pages = {31--49},
	publisher = {Oxford University Press},
	title = {Motion verbs as functional heads}}

@incollection{cardinaletti2019a,
	address = {Rita Manzini},
	author = {Cardinaletti, Anna and Giusti, Giuliana},
	booktitle = {Linguistic Variations: Structure and Interpretation. Studies in Honor of M},
	date = {2019},
	editor = {Franco, Ludovico and Lorusso, Paolo},
	language = {en},
	pages = {125--147},
	publisher = {Mouton De Gruyter},
	title = {Multiple agreement in southern Italian dialects}}

@article{cardinaletti2004a,
	author = {Cardinaletti, Anna and Shlonsky, Ur},
	date = {2004},
	journal = {Linguistic Inquiry},
	language = {en},
	pages = {519--557},
	title = {Clitic positions and restructuring in Italian},
	volume = {35}}

@article{chierchia1986a,
	author = {Chierchia, G.},
	date = {1986},
	journal = {Journal of Italian Linguistics},
	language = {en},
	pages = {5--34},
	title = {Length, syllabification and the phonological cycle in Italian},
	volume = {8}}

@book{christopoulos2018a,
	author = {Christopoulos, Christos},
	date = {2018},
	language = {en},
	publisher = {Ms., University of Connecticut},
	title = {Re-stricting the locality of contextual allomorphy}}

@inproceedings{christopoulos2017a,
	address = {Somerville, MA},
	author = {Christopoulos, Christos and Petrosino, Roberto},
	booktitle = {Proceedings of the 35th West Coast Conference in Formal Linguistics},
	date = {2017},
	editor = {Bennett, Wm G. and Hracs, Lindsay and Storoshenko, Dennis Ryan},
	language = {en},
	pages = {151--160},
	publisher = {Cascadilla Proceedings Project},
	title = {Greek root allomorphy without spans}}

@book{cinque1999a,
	address = {Oxford & New York},
	author = {Cinque, Guglielmo},
	date = {1999},
	language = {en},
	publisher = {Oxford University Press},
	title = {Adverbs and functional heads}}

@incollection{cinque2001a,
	author = {Cinque, Guglielmo},
	booktitle = {University of Venice Working Papers in Linguistics},
	date = {2001},
	editor = {Brug{\`e}, Laura},
	language = {en},
	pages = {45--127},
	title = {`Restructuring'' and functional structure},
	volume = {11}}

@book{cinque2006a,
	address = {Oxford & New York},
	author = {Cinque, Guglielmo},
	date = {2006},
	language = {en},
	publisher = {Oxford University Press},
	title = {Restructuring and functional heads}}

@article{cinque2017a,
	author = {Cinque, Gugliemo},
	date = {2017},
	journal = {Language and Linguistics},
	language = {en},
	number = {4},
	pages = {521--576},
	title = {On the status of functional categories (heads and phrases},
	volume = {18}}

@incollection{chomsky2000a,
	address = {Cambridge, Ma},
	author = {Chomsky, Noam},
	booktitle = {Step by step: Minimalist essays in honor of Howard Lasnik},
	date = {2000},
	editor = {Martin, Roger and Michaels, David and Uriagereka, Juan},
	language = {en},
	pages = {89--155},
	publisher = {MIT Press},
	title = {Minimalist inquiries: The framework}}

@incollection{chomsky2001a,
	address = {Cambridge, Ma},
	author = {Chomsky, Noam},
	booktitle = {Ken Hale: A life in language},
	date = {2001},
	editor = {Kenstowicz, Michael},
	language = {en},
	pages = {1--52},
	publisher = {MIT Press},
	title = {Derivation by phase}}

@incollection{cruschina2013a,
	address = {Oxford},
	author = {Cruschina, Silvio},
	booktitle = {The boundaries of pure morphology. Diachronic and synchronic perspectives},
	date = {2013},
	editor = {Cruschina, Silvio and Maiden, Martin and Smith, J.C.},
	language = {en},
	pages = {262--283},
	publisher = {Oxford University Press},
	title = {Beyond the stem and inflectional morphology: An irregular pattern at the level of periphrasis}}

@incollection{cruschina2018a,
	address = {Leiden},
	author = {Cruschina, Silvio},
	booktitle = {Advances in Italian dialectology: Sketches of Italo-Romance grammars},
	date = {2018},
	editor = {D'Alessandro, Roberta and Pescarini, Diego},
	language = {en},
	pages = {292--320},
	publisher = {Brill},
	title = {The `go for' construction in Sicilian}}

@incollection{cruschina-a,
	address = {Amsterdam},
	author = {Cruschina, Silvio in press},
	booktitle = {Pseudo-Coordination and Multiple Agreement Constructions},
	editor = {Caro, Vincenzo Nicol{\`o} Di and Giusti, Giuliana and Ross, Daniel},
	language = {en},
	publisher = {John Benjamins},
	title = {Gone unexpectedly: Pseudo-coordination and the expression of surprise in Sicilian}}

@incollection{cruschina2021a,
	author = {Cruschina, Silvio and Calabrese, Andrea},
	booktitle = {Formal Approaches to Romance Morphosyntax: Linking Variation to Theory. Linguistische Arbeiten},
	date = {2021},
	editor = {Hinzelin, Marc‐Olivier and Pomino, Natascha and Remberger, Eva‐Maria},
	language = {en},
	publisher = {De Gruyter},
	title = {Fifty shades of morphosyntactic microvariation: Motion verb constructions in southern Italian dialects}}

@article{prete2020a,
	author = {Prete, Del and Fabio and Todaro, Giuseppina},
	date = {2020},
	journal = {Natural Language & Linguistic Theory},
	language = {en},
	pages = {1--41},
	title = {Building complex events. The case of Sicilian Doubly Inflected Construction},
	volume = {38}}

@book{caro2015a,
	address = {Venice},
	author = {Caro, Di and Nicol{\`o}, Vincenzo},
	date = {2015},
	language = {en},
	publisher = {Ca' Foscari University MA thesis},
	title = {Syntactic constructions with motion verbs in some Sicilian dialects: a comparative analysis}}

@incollection{caro2018a,
	address = {Amsterdam},
	author = {Caro, Di and Nicol{\`o}, Vincenzo},
	booktitle = {Italian dialectology at the interfaces},
	date = {2018},
	editor = {Cruschina, Silvio and Ledgeway, Adam and Remberger, Eva-Maria},
	language = {en},
	pages = {63--78},
	publisher = {John Benjamins},
	title = {The Inflected Construction in the dialects of Sicily. Parameters of microvariation}}

@book{caro2019a,
	address = {Venice},
	author = {Caro, Di and Nicol{\`o}, Vincenzo},
	date = {2019},
	language = {en},
	publisher = {Ca' Foscari University of Venice dissertation},
	title = {Multiple agreement constructions in southern in Italo-Romance. The syntax of Sicilian Pseudo-Coordination}}

@article{caro2015b,
	author = {Caro, Di and Vincenzo and Giusti, Giuliana},
	date = {2015},
	journal = {Annali di Ca' Foscari. Serie occidentale},
	language = {it},
	pages = {393--421},
	title = {A Protocol for the Inflected Con- struction in Sicilian Dialects},
	volume = {49}}

@article{embick2000a,
	author = {Embick, David},
	date = {2000},
	journal = {Linguistic Inquiry},
	language = {en},
	number = {2},
	pages = {185--230},
	title = {Features, Syntax and Categories in the Latin Perfect},
	volume = {31}}

@article{embick2004a,
	author = {Embick, David},
	date = {2004},
	journal = {Linguistic Inquiry},
	language = {en},
	number = {3},
	pages = {355--392},
	title = {On the structure of Resultive Participles in English},
	volume = {35}}

@book{embick2010a,
	address = {Cambridge, MA},
	author = {Embick, David},
	date = {2010},
	language = {en},
	publisher = {MIT Press},
	title = {Localism versus Globalism in Morphology and Phonology}}

@thesis{fenger2020a,
	author = {Fenger, Paula},
	date = {2020},
	language = {en},
	school = {University of Connecticut},
	title = {Words within words: The Internal Syntax of Words},
	type = {PhD Dissertation.}}

@book{fleischman1982a,
	address = {Cambridge},
	author = {Fleischman, Suzanne},
	date = {1982},
	language = {en},
	publisher = {Cambridge University Press},
	title = {The future in thought and language. diachronic evidence from Romance}}

@incollection{halle1993a,
	address = {Cambridge, MA},
	author = {Halle, Morris and Marantz, Alec},
	booktitle = {The View from Building 20: Essays in linguistics in honor of Sylvain Bromberger},
	date = {1993},
	editor = {Hale, Kenneth and Keyser, Samuel Jay},
	language = {en},
	pages = {111--176},
	publisher = {MIT Press},
	title = {Distributed Morphology and the pieces of inflection}}

@article{harizanov2019a,
	author = {Harizanov, Boris and Gribanova, Vera},
	date = {2019},
	journal = {Natural Language & Linguistic Theory},
	language = {en},
	pages = {461--522},
	title = {Whither head movement?},
	volume = {37}}

@book{heine2018a,
	address = {Cambridge},
	author = {Heine, Bernd and Kuteva, Tania},
	date = {2018},
	language = {en},
	publisher = {Cambridge University Press},
	title = {World Lexicon of Grammaticalization}}

@article{kiparsky2004a,
	author = {Kiparsky, Paul},
	date = {2004},
	journal = {Yearbook of Morphology},
	language = {en},
	pages = {113--135},
	title = {Blocking and periphrasis in inflectional paradigms}}

@incollection{ledgeway2015a,
	author = {Ledgeway, Adam},
	booktitle = {Syntax over Time},
	date = {2015},
	editor = {Biberauer, Theresa and Walkden, George},
	language = {en},
	pages = {146--162},
	publisher = {Oxford:Oxford University Press},
	title = {Reconstructing complementizer-drop in the dialects of Salento: A syntactic or phonological phenomenon?}}

@incollection{ledgeway2016a,
	address = {Cambridge},
	author = {Ledgeway, Adam},
	booktitle = {Coordination and Subordination. Form and Meaning -- Selected Papers from CSI Lisbon},
	date = {2016},
	editor = {Pratas, Fernanda and Pereira, Sandra and Pinto, Clara},
	language = {en},
	pages = {157--184},
	publisher = {Cambridge Publishing Scholars},
	title = {From coordination to subordination: The grammaticalisation of progressive and andative aspect in the dialects of Salento}}

@article{leone1973a,
	author = {Leone, Alfonso},
	date = {1973},
	journal = {Lingua Nostra},
	language = {it},
	pages = {11--13},
	title = {Vattel'a pesca, vieni a piglialo},
	volume = {34}}

@book{michele1997a,
	address = {Basel},
	author = {Michele, Loporcaro},
	date = {1997},
	language = {it},
	publisher = {Francke Verlag},
	title = {L'origine del raddoppiamento fonosintattico: saggio di fonologia diacronica romanza"}}

@incollection{lorusso2019a,
	address = {Amsterdam},
	author = {Lorusso, Paolo},
	booktitle = {Italian dialectology at the interfaces},
	date = {2019},
	editor = {Cruschina, Silvio and Ledgeway, Adam and Remberger, Eva-Maria},
	language = {en},
	pages = {203--236},
	publisher = {John Benjamins},
	title = {A person split analysis of the progressive forms in some Southern Italian varieties}}

@book{manzini2005a,
	address = {Alessandria},
	author = {Manzini, M.Rita and Savoia, Leonardo M.},
	date = {2005},
	language = {it},
	publisher = {Edizioni dell'Orso},
	title = {I dialetti italiani e romanci. Morfosintassi generativa}}

@article{manzini2017a,
	author = {Manzini, M.Rita and Lorusso, Paolo and Savoia, Leonardo M.},
	date = {2017},
	journal = {Quaderni di Linguistica e Studi Orientali / Working Papers in Linguistics and Oriental Studies},
	language = {en},
	pages = {11--59},
	title = {a/bare finite complements in Southern Italian varieties: mono-clausal or bi-clausal syntax?},
	volume = {n. 3}}

@article{merchant2011a,
	address = {Amsterdam},
	author = {Merchant, Jason},
	date = {2011},
	editor = {Yuasa, Etsuyo and Bagchi, Tista and Beals, Katharine},
	journal = {Pragmatics and autolexical grammar: in honor of Jerry Sadock},
	language = {sv},
	pages = {193--210},
	publisher = {John Benjamins},
	title = {Aleut case matters},
	volume = {176}}

@thesis{noyer1992a,
	address = {Cambridge, MA},
	author = {Noyer, Rolf},
	date = {1992},
	language = {en},
	school = {MIT},
	title = {Features, Positions, and Affixes in Autonomous Morphological Structure},
	type = {PhD dissertation,}}

@article{oltra-massuet2005a,
	author = {Oltra-Massuet, Isabel and Arregi, Karlos},
	date = {2005},
	journal = {Linguistic Inquiry},
	language = {en},
	pages = {43--84},
	title = {Stress-by-structure in Spanish},
	volume = {36}}

@book{pescarini2010a,
	author = {Pescarini, Diego},
	date = {2010},
	language = {en},
	pages = {427--444},
	publisher = {MIT Press},
	title = {Elsewhere in Romance: Evidence from Clitic Clusters. Linguistic Inquiry}}

@article{pietraszko2016a,
	author = {Pietraszko, Asia},
	date = {2016},
	journal = {Proceedings of the Linguistics Society of America Annual Meeting},
	language = {en},
	number = {18},
	pages = {1--15},
	title = {The syntax of simple and compound tenses in Ndebele},
	volume = {1}}

@thesis{pietraszko2017a,
	author = {Pietraszko, Asia},
	date = {2017},
	language = {en},
	school = {University of Chicago},
	title = {Inflectional Dependencies: a study of complex verbal expressions in Ndebele},
	type = {Ph. D. thesis,}}

@article{pietraszko2018a,
	author = {Pietraszko, Asia},
	date = {2018},
	journal = {Natural Language and Linguistic Theory},
	language = {en},
	number = {1},
	pages = {265--308},
	title = {Auxiliary vs INFL in Bantu. The syntactic and phonological complexity of Ndebele verbs},
	volume = {36}}

@article{rivero1994a,
	author = {Rivero, Maria Luisa},
	date = {1994},
	journal = {Languages and Linguistic Theory},
	language = {en},
	pages = {63--120},
	title = {Clause Structure and V-movement in the Languages of the Balkans.Natural},
	volume = {12}}

@article{rizzi1976a,
	author = {Rizzi, Luigi},
	date = {1976},
	journal = {Rivista di grammatica generativa},
	language = {it},
	pages = {1--54},
	title = {Ristrutturazione},
	volume = {1}}

@incollection{rizzi1978a,
	address = {Cambridge, MA},
	author = {Rizzi, Luigi},
	booktitle = {Recent transformational studies in European languages},
	date = {1978},
	editor = {Keyser, Samuel Jay},
	language = {en},
	pages = {113--158},
	publisher = {MIT Press},
	title = {A Restructuring Rule in Italian Syntax}}

@book{rizzi1990a,
	address = {Cambridge},
	author = {Rizzi, Luigi},
	date = {1990},
	language = {et},
	publisher = {MIT Press},
	title = {Relativized Minimality}}

@incollection{rizzi1997a,
	address = {Dordrecht},
	author = {Rizzi, Luigi},
	booktitle = {Elements of Grammar. Handbook of Generative Syntax},
	date = {1997},
	editor = {Haegeman, Liliane},
	language = {en},
	pages = {281--337},
	publisher = {Kluwer},
	title = {The Fine Structure of the Left Periphery}}

@book{roberts2010a,
	address = {Amsterdam},
	author = {Roberts, Ian},
	date = {2010},
	editor = {Traugott, Elizbeth C. and Trousdale, Graeme},
	language = {en},
	pages = {45--73},
	publisher = {John Benjamins},
	title = {Grammaticalization, the clausal hierarchy and semantic bleaching}}

@book{roberts2003a,
	address = {Cambridge},
	author = {Roberts, Ian and Roussou, A.},
	date = {2003},
	language = {en},
	publisher = {Cambridge University Press},
	title = {Syntactic change: A Minimalist approach to grammaticalization}}

@book{rohlfs1969a,
	address = {Turin},
	author = {Rohlfs, Gerhard},
	date = {1969},
	language = {it},
	publisher = {Einaudi},
	title = {Grammatica storica della lingua italiana e dei suoi dialetti},
	volume = {3}}

@book{schwegler1990a,
	address = {Berlin & New York},
	author = {Schwegler, Armin},
	date = {1990},
	language = {en},
	publisher = {Mouton de Gruyter},
	title = {Analyticity and Syntheticity: a diachronic perspective with special reference to Romance Languages}}

@article{sornicola1976a,
	author = {Sornicola, Rosanna},
	date = {1976},
	journal = {Lingua Nostra},
	language = {es},
	pages = {65--74},
	title = {Vado a dire o vaiu a ddico: problema sintattico o problema semantico?},
	volume = {37}}

@book{squartini1998a,
	address = {Berlin},
	author = {Squartini, Mario},
	date = {1998},
	language = {de},
	publisher = {Mouton de Gruyter},
	title = {Verbal periphrases in Romance}}

@misc{terzi1992a,
	address = {Dissertation, CUNY},
	author = {Terzi, Arhonto},
	date = {1992},
	language = {en},
	title = {PRO in Finite Clauses. A Study of the Inflectional Heads of the Balkan Languages, Ph.D}}

@article{terzi1994a,
	author = {Terzi, Arhonto},
	date = {1994},
	journal = {Catalan Working Papers in Linguistics},
	language = {en},
	pages = {2 97--122},
	title = {Clitic Climbing from Finite Clauses and Long Head Movement"},
	volume = {3}}

@article{terzi1996a,
	author = {Terzi, Arhonto},
	date = {1996},
	journal = {Probus},
	language = {en},
	pages = {8 273--295},
	title = {Clitic climbing from finite clauses and tense raising"}}

@incollection{todaro2018a,
	address = {Amsterdam},
	author = {Todaro, Giuseppina and Prete, Fabio Del},
	booktitle = {Italian dialectology at the interfaces},
	date = {2018},
	editor = {Cruschina, Silvio and Ledgeway, Adam and Remberger, Eva-Maria},
	language = {en},
	pages = {131--154},
	publisher = {John Benjamins},
	title = {The morphosyntax-semantics interface and the Sicilian Doubly Inflected Construction}}

@book{urgese2003a,
	author = {Urgese, Tommaso},
	date = {2003},
	language = {it},
	publisher = {Latiano. Regione Puglia. Assessorato alla pubblica Istruzione},
	title = {Grammatica del dialetto del Salento settentrionale. Viaggio nella lingua e cultura delle diocesi di Oria e Brindisi}}

@book{wurmbrand2001a,
	address = {Berlin},
	author = {Wurmbrand, Susanne},
	date = {2001},
	language = {en},
	publisher = {Mouton de Gruyter},
	title = {Infinitives: Restructuring and clause structure}}

@article{wurmbrand2004a,
	author = {Wurmbrand, Susanne},
	date = {2004},
	journal = {Lingua},
	language = {en},
	pages = {991--1014},
	title = {Two types of restructuring: Lexical vs. functional},
	volume = {114}}

@article{wurmbrand2014a,
	author = {Wurmbrand, Susanne},
	date = {2014},
	date-modified = {2022-02-19 16:43:30 +0800},
	journal = {Linguistic Inquiry},
	language = {en},
	number = {3},
	pages = {403--447},
	title = {Tense and aspect in English infinitives},
	volume = {45}}

@inproceedings{wurmbrand2015a,
	address = {GLSA},
	author = {Wurmbrand, Susanne},
	booktitle = {Proceedings of the North Eastern Linguistics Society Annual Meeting 45, Amherst},
	date = {2015},
	date-modified = {2022-02-19 16:42:55 +0800},
	editor = {Bui, T. and {\"O}zyıldız, D.},
	language = {en},
	pages = {227--240},
	publisher = {University of Massachusetts},
	title = {Restructuring cross-linguistically}}

@incollection{wurmbrand2017a,
	address = {Oxford},
	author = {Wurmbrand, Susanne},
	booktitle = {The Blackwell Companion to Syntax 2},
	date = {2017},
	date-modified = {2022-02-19 16:42:59 +0800},
	editor = {Everaert, M. and Riemsdijk, H.},
	language = {en},
	publisher = {Blackwell},
	title = {Verb clusters, verb raising, and restructuring}}
