%% This BibTeX bibliography file was created using BibDesk.
%% http://bibdesk.sourceforge.net/

%% Created for Martin Prinzhorn at 2020-05-31 16:11:22 +0200 


%% Saved with string encoding Unicode (UTF-8) 



@book{Landman:2000,
	Address = {Dordrecht},
	Author = {Landman, Fred},
	Date-Added = {2020-05-31 16:08:04 +0200},
	Date-Modified = {2020-05-31 16:08:04 +0200},
	Doi = {10.1007/978-94-011-4359-2},
	Publisher = {Kluwer Academic Publishers},
	Title = {Events and {P}lurality. {T}he {J}erusalem {L}ectures.},
	Year = {2000},
	Bdsk-Url-1 = {http://dx.doi.org/10.1007/978-94-011-4359-2}}

@inproceedings{Dowty:1986,
	Author = {Dowty, David},
	Booktitle = {Proceedings of ESCOL 86},
	Date-Added = {2020-05-31 16:06:44 +0200},
	Date-Modified = {2020-05-31 16:06:44 +0200},
	Pages = {97-115},
	Title = {A note on Collective Predicates, Distributive Predicates and {\it All}},
	Year = {1987}}
	
	

@article{Schmitt:2019a,
	Author = {Schmitt, Viola},
	Doi = {https://doi.org/10.1093/jos/ffaa008},
	Journal = {Journal of {Semantics}},
	Number = {4},
	Pages = {557-609},
	Title = {Cumulation across attitudes and plural projection},
	Volume = {37},
	Year = {2020}}

	
	@book{Zimmermann:2002,
	Address = {Utrecht},
	Author = {Zimmermann, Malte},
	Date-Added = {2011-07-26 16:13:41 +0200},
	Date-Modified = {2011-07-26 16:16:10 +0200},
	Publisher = {LOT Dissertations 62},
	Title = {Boys {B}uying {T}wo {S}ausages {E}ach- {O}n the {S}yntax and {S}emantics of {D}istance {D}istributivity},
	Year = {2002}}

@incollection{Stowell:2013,
	Author = {Tim Stowell},
	Booktitle = {Strategies of Quantification},
	Chapter = {12},
	Date-Added = {2020-05-29 16:29:22 +0200},
	Date-Modified = {2020-05-31 15:43:44 +0200},
	Doi = {10.1093/acprof:oso/9780199692439.003.0012},
	Editor = {Kook-Hee Gil and Stephen Harlow and George Tsoulas},
	Pages = {260-294},
	Publisher = {Oxford University Press},
	Title = {Binominal Each},
	Year = {2013},
	Bdsk-Url-1 = {https://doi.org/10.1093/acprof:oso/9780199692439.003.0012}}

@book{Schwarzschild:1996,
	Address = {Dordrecht, Boston},
	Author = {Schwarzschild, Roger},
	Date-Added = {2020-05-29 16:03:33 +0200},
	Date-Modified = {2020-05-29 16:03:33 +0200},
	Doi = {10.1007/978-94-017-2704-4},
	Keywords = {Grammar, Comparative and general Number.},
	Publisher = {Kluwer Academic},
	Title = {Pluralities},
	Year = {1996},
	Bdsk-Url-1 = {http://dx.doi.org/10.1007/978-94-017-2704-4}}


	
	@unpublished{Kratzer:2000,
	Author = {Kratzer, Angelika},
	Date-Added = {2012-11-22 17:29:28 +0100},
	Date-Modified = {2012-11-22 21:18:45 +0100},
	Month = {July},
	Note = {Ms., University of Massachusetts at Amherst},
	Title = {The event argument and the semantics of verbs},
	Url = {https://semanticsarchive.net/Archive/GU1NWM4Z/},
	Year = {2003},
	Bdsk-Url-1 = {https://semanticsarchive.net/Archive/GU1NWM4Z/}}


@article{Lasersohn:1990,
	Author = {Lasersohn, Peter},
	Date-Added = {2020-05-29 16:01:16 +0200},
	Date-Modified = {2020-05-29 16:01:16 +0200},
	Doi = {https://doi.org/10.1007/BF00630733},
	Journal = {Linguistics and Philosophy},
	Number = {13},
	Pages = {179-206},
	Title = {Group {A}ction and {S}patio-{T}emporal {P}roximity},
	Volume = {2},
	Year = {1990},
	Bdsk-Url-1 = {https://doi.org/10.1007/BF00630733}}

@incollection{Chierchia:1989,
	Address = {Dordrecht},
	Author = {Gennaro Chierchia},
	Booktitle = {Semantics and Contextual Expression},
	Date-Added = {2020-05-29 15:59:09 +0200},
	Date-Modified = {2020-05-29 15:59:09 +0200},
	Editor = {Bartsch, R. and van Benthem, J. and van Emde Boas, P.},
	Pages = {1-31},
	Publisher = {Foris},
	Title = {Anaphora and Attitudes De Se},
	Year = {1989}}

@article{Heim:1991,
	Author = {Irene Heim and Howard Lasnik and Robert May},
	Date-Added = {2020-05-29 15:14:20 +0200},
	Date-Modified = {2020-05-29 15:14:20 +0200},
	Journal = {Linguistic Inquiry},
	Number = {1},
	Pages = {63-101},
	Title = {Reciprocity and Plurality},
	Volume = {22},
	Year = {1991}}

@incollection{Link:1987,
	Address = {Dordrecht},
	Author = {Link, Godehard},
	Booktitle = {Generalized {Q}uantifiers:{L}ingustic and {L}ogical {A}pproaches},
	Date-Added = {2020-05-29 15:00:57 +0200},
	Date-Modified = {2020-05-29 15:00:57 +0200},
	Doi = {https://doi.org/10.1007/978-94-009-3381-1_6},
	Editor = {Gaerdenfors,Peter},
	Pages = {151-180},
	Publisher = {Reidel},
	Title = {Generalized {Q}uantifiers and {P}lurals},
	Year = {1987},
	Bdsk-Url-1 = {https://doi.org/10.1007/978-94-009-3381-1_6}}
	
	@unpublished{Haslinger:2020d,
	Author = {Haslinger, Nina and Schmitt, Viola},
	Date-Added = {2020-05-29 14:56:24 +0200},
	Date-Modified = {2020-05-29 14:56:24 +0200},
	Note = {Ms. {U}niversity of G\"{o}ttingen, University of Graz},
	Title = {Abstraction and traces in the plural projection mechanism},
	Year = {2020}}

@unpublished{Haslinger:2018b,
	Author = {Haslinger, Nina and Schmitt, Viola},
	Date-Added = {2020-05-29 14:56:24 +0200},
	Date-Modified = {2020-05-29 14:56:24 +0200},
	Note = {Ms. {U}niversity of {V}ienna},
	Title = {Asymmetically distributive items and plural projection},
	Url = {https://www.univie.ac.at/konjunktion/texts.html},
	Year = {2019},
	Bdsk-Url-1 = {https://www.univie.ac.at/konjunktion/texts.html}}

@article{Beck:2001,
	Author = {Beck, Sigrid},
	Date-Added = {2020-05-28 15:11:24 +0200},
	Date-Modified = {2020-05-28 15:11:24 +0200},
	Doi = {https://doi.org/10.1023/A:1012203407127},
	Journal = {Natural Language Semantics},
	Pages = {69-138},
	Title = {Reciprocals are definites},
	Volume = {9},
	Year = {2001},
	Bdsk-Url-1 = {https://doi.org/10.1023/A:1012203407127}}

@article{Schmitt:2019,
	Author = {Viola Schmitt},
	Date-Added = {2020-05-30 18:11:24 +0200},
	Date-Modified = {2020-05-31 16:10:52 +0200},
	Doi = {http://dx.doi.org/10.3765/sp.12.17},
	Journal = {Semantics and Pragmatics},
	Pages = {69-138},
	Title = {Pluralities across categories and plural projection},
	Volume = {12},
	Year = {2019},
	Bdsk-Url-1 = {http://dx.doi.org/10.3765/sp.12.17}}

@phdthesis{Rooth:1985,
	Author = {Rooth, Mats E.},
	Date-Added = {2020-05-27 18:50:44 +0200},
	Date-Modified = {2020-05-27 18:50:44 +0200},
	Keywords = {library; focus},
	School = {University of Massachusetts, Amherst},
	Title = {Association with Focus},
	Year = {1985}}

@inproceedings{Haslinger:2018a,
	Author = {Haslinger, Nina and Schmitt, Viola},
	Booktitle = {Proceedings of {SALT} 28},
	Date-Added = {2020-05-27 18:45:26 +0200},
	Date-Modified = {2020-05-27 18:45:26 +0200},
	Doi = {10.3765/salt.v28i0.4404},
	Editor = {Maspong, Sireemas and Stef\'{a}nsd\'{o}ttir Brynhildur and Blake, Katherine and Forrest, Davis},
	Pages = {197-216},
	Title = {Scope-related cumulativity asymmetries and cumulative composition},
	Year = {2018},
	Bdsk-Url-1 = {http://dx.doi.org/10.3765/salt.v28i0.4404}}

@book{Heim:1998,
	Author = {Irene Heim and Angelika Kratzer},
	Date-Added = {2020-05-27 18:43:46 +0200},
	Date-Modified = {2020-05-27 18:43:46 +0200},
	Publisher = {Wiley Blackwell},
	Title = {Semantics in Generative Grammar},
	Year = {1998}}


@article{Langendoen:1978,
	Author = {Langendoen, D. Terence},
	Date-Added = {2020-05-27 18:21:49 +0200},
	Date-Modified = {2020-05-27 18:21:49 +0200},
	Journal = {Linguistic Inquiry},
	Number = {2},
	Pages = {177--197},
	Title = {The logic of reciprocity},
	Volume = {9},
	Year = {1978}}

@inproceedings{Wurmbrand:2002,
	Author = {Wurmbrand, Susi},
	Booktitle = {Studies in comparative {Germanic} syntax: Proceedings from the 15th workshop on comparative {Germanic} syntax},
	Date-Added = {2020-05-27 18:20:03 +0200},
	Date-Modified = {2020-05-27 18:20:03 +0200},
	Doi = {https://doi.org/10.1075/la.53.07wur},
	Editor = {Zwart, C. Jan-Wouter and Abraham, Werner},
	Pages = {93-127},
	Publisher = {Benjamins},
	Title = {Syntactic versus semantic control},
	Year = {2002},
	Bdsk-Url-1 = {https://doi.org/10.1075/la.53.07wur}}

@book{Wurmbrand:2001,
	Author = {Wurmbrand, Susi},
	Date-Added = {2020-05-27 18:19:51 +0200},
	Date-Modified = {2020-05-27 18:19:51 +0200},
	Publisher = {Mouton de Gruyter},
	Title = {Infinitives: {R}estructuring and clause structure},
	Year = {2001}}

@article{Landau:2016,
	Author = {Landau, Idan},
	Date-Added = {2020-05-27 18:18:18 +0200},
	Date-Modified = {2020-05-27 18:18:18 +0200},
	Doi = {10.1162/LING_a_00222},
	Journal = {Linguistic Inquiry},
	Pages = {572-580},
	Title = {Against a null comitative analysis of partial control},
	Volume = {47},
	Year = {2016},
	Bdsk-Url-1 = {https://doi.org/10.1162/LING_a_00222}}

@book{Landau:2000,
	Address = {Dordrecht},
	Author = {Landau, Idan},
	Date-Added = {2020-05-27 18:18:13 +0200},
	Date-Modified = {2020-05-27 18:18:13 +0200},
	Publisher = {Kluwer},
	Title = {Elements of {Control}: {Structure} and {Meaning} in {Infinitival} {Constructions}},
	Year = {2000}}

@article{Pearson:2016,
	Author = {Pearson, Hazel},
	Date-Added = {2020-05-27 18:14:34 +0200},
	Date-Modified = {2020-05-27 18:14:34 +0200},
	Doi = {https://doi.org/10.1007/s11049-015-9313-9},
	Journal = {Natural Language and Linguistic Theory},
	Pages = {691-738},
	Title = {The semantics of partial control},
	Volume = {24},
	Year = {2016},
	Bdsk-Url-1 = {https://doi.org/10.1007/s11049-015-9313-9}}



@article{Pitteroff:2017,
	Author = {Pitteroff, Marcel and Alexiadou, Artemis and Darby, Jeannique and Fischer, Silke},
	Date-Added = {2019-08-19 10:06:11 +0000},
	Date-Modified = {2019-08-19 10:43:48 +0000},
	Journal = {The Journal of Comparative Germanic Linguistics},
	Number = {2},
	Pages = {139-185},
	Title = {On partial control in {German}},
	Volume = {20},
	Year = {2017}}

@article{Wilkinson:1971,
	Author = {Wilkinson, Robert},
	Date-Added = {2019-08-18 15:41:26 +0000},
	Date-Modified = {2019-08-18 15:42:23 +0000},
	Journal = {Linguistic Inquiry},
	Pages = {575-584},
	Title = {Complement {Subject} {Deletion} and {Subset} {Relations}},
	Volume = {2},
	Year = {1971}}
